4350 5586
1089 498 1110 563 9

389 697 472 763 quos
499 695 594 744 suam
625 677 819 743 sententiam
854 675 1048 758 reperisset,
1082 681 1119 739 ut
1144 673 1267 756 ubique
1293 675 1402 742 tacere
1428 680 1566 761 assolet,
1600 681 1660 745 sed
1683 685 1808 748 tantum

388 783 532 849 formula
557 767 670 868 λόγος
691 772 773 867 ἔχει
796 778 1020 852 contendisse,
1057 794 1097 841 eo
1121 781 1271 859 tempore
1298 778 1398 845 tuisse
1424 781 1510 846 hane
1535 781 1727 867 opinionem
1752 802 1808 852 sa·

388 887 428 951 tis
455 886 635 966 vulgarem.
685 880 736 945 Ex
771 899 837 963 qua
866 899 902 945 re
936 896 1098 963 apparere
1132 881 1211 960 mihi
1238 880 1383 960 videtur,
1422 883 1456 946 in
1481 886 1557 950 loco
1582 883 1683 952 Ciem.
1709 906 1806 971 quem

386 1006 487 1071 supra
513 985 661 1062 tractavi,
687 985 729 1048 ab
756 984 850 1049 initio
876 1000 944 1047 non
969 970 1036 1055 ἐπὶ
1058 983 1177 1047 lectum
1200 989 1365 1062 autcerte
1382 974 1426 1057 τδ
1442 977 1564 1081 τέρμα
1586 987 1653 1069 τῆς
1673 973 1808 1064 δύσεως

387 1108 454 1156 non
488 1088 530 1153 ad
561 1088 752 1170 Hispaniam
786 1087 926 1151 relatum
960 1103 1052 1156 esset
1086 1102 1163 1150 narn
1189 1085 1217 1150 si
1239 1085 1400 1153 Eusebius
1423 1089 1534 1154 iocum
1560 1091 1716 1172 epistolae
1737 1098 1806 1158 tum

386 1193 577 1259 notissimae
604 1194 637 1255 et
667 1189 912 1256 laudatissimae
937 1189 984 1253 sic
1010 1188 1141 1270 legisset
1166 1193 1198 1253 et
1223 1189 1455 1269 intellexisset,
1493 1194 1559 1276 hoe
1584 1195 1805 1261 testimonium

386 1296 615 1377 gravissimum
640 1293 821 1358 sententiae
849 1309 928 1356 suae
955 1291 1103 1374 proiecto
1129 1308 1197 1354 non
1223 1293 1430 1373 neglexisset.
1481 1294 1608 1365 Deinde
1635 1302 1744 1363 autem
1771 1300 1805 1363 in

385 1400 476 1464 illam
500 1395 694 1463 sententiam
721 1394 880 1460 adductus
907 1398 956 1459 est
981 1395 1098 1476 partim
1120 1393 1390 1477 interpretatione
1417 1395 1500 1462 falsa
1522 1399 1708 1483 nostrisque
1722 1405 1806 1466 tem·

385 1489 522 1585 poribus
541 1500 663 1580 ubique
692 1498 812 1580 rejecta
830 1497 1008 1563 verborum
1025 1482 1215 1595 ἑῤῥύσθην
1241 1494 1287 1569 ἑκ
1315 1486 1693 1586 artemonianos,
1722 1522 1805 1585 (luae

385 1621 487 1686 quum
514 1601 556 1668 ad
581 1602 745 1668 Neronem
774 1601 928 1678 referret,
954 1601 1089 1682 putavit,
1115 1600 1302 1681 apostolum
1323 1601 1394 1684 jam
1419 1604 1520 1666 semel
1546 1621 1648 1669 saevo
1674 1613 1706 1670 et
1729 1626 1805 1671 cru·

386 1713 464 1772 ento
490 1705 630 1770 Neronis
651 1703 777 1786 judicio
800 1704 955 1781 evasisse,
981 1703 1082 1768 verba
1108 1708 1217 1767 autem
1240 1707 1328 1768 recte
1355 1705 1516 1787 explicata
1542 1707 1622 1772 nihil
1645 1709 1733 1774 aliud
1755 1709 1805 1774 di-

385 1816 472 1887 cunt,
499 1825 597 1891 quam
621 1808 807 1889 apostolum
833 1824 990 1887 magnum
1016 1807 1102 1871 vitae
1128 1806 1309 1887 periculum
1330 1807 1491 1889 effugisse,
1514 1810 1631 1891 partim
1649 1830 1804 1894 perversa

383 1913 541 1996 temporis
566 1909 778 1992 computandi
803 1911 942 1988 ratione,
966 1927 1031 1991 qua
1058 1925 1158 1990 quum
1181 1913 1342 2004 poneret,
1367 1911 1505 1977 Paulum
1529 1913 1597 1993 J'am
1625 1931 1655 1977 a.
1681 1914 1758 1981 Llll.
1783 1933 1801 1980 a

382 2017 490 2081 Felice
518 2015 552 2078 in
575 2014 708 2078 vincula
733 2013 917 2095 conjectum
943 2018 976 2076 et
1002 2029 1045 2076 ne
1071 2010 1246 2076 duodecim
1272 2031 1433 2079 annorum
1460 2016 1681 2096 captivitatem
1698 2035 1803 2098 agno·
1915 2095 1922 2103 ,

374 2137 475 2202 ¹scere
509 2120 699 2198 cogeretur,
734 2118 907 2181 liberatum
942 2117 976 2179 in
1009 2113 1155 2180 secunda
1180 2114 1313 2181 demum
1336 2115 1522 2200 captivitate
1548 2118 1615 2183 vita
1639 2119 1803 2200 privatum

381 2240 453 2289 esse
478 2221 594 2285 maluit
614 2220 765 2299 hancque
790 2218 984 2285 sententiam
1011 2217 1113 2282 falsae
1139 2218 1400 2302 interpretationi
1426 2220 1491 2285 loci
1517 2219 1556 2285 ll.
1575 2220 1657 2286 Tim.
1674 2222 1725 2299 lv,
1755 2216 1801 2288 17

381 2331 413 2391 et
439 2323 566 2405 vulgari
591 2322 778 2403 aequalium
801 2322 951 2404 opinioni
976 2322 1204 2404 superstruxit
1263 2321 1313 2387 De
1349 2323 1437 2402 aliis,
1466 2340 1551 2406 quae
1586 2340 1627 2388 ex
1654 2325 1692 2389 ll.
1720 2324 1802 2389 Tim.
1835 2324 1836 2329 ’

380 2445 442 2512 pro
476 2427 581 2492 altera
613 2426 801 2508 captivitate
837 2425 1051 2507 proferuntur
1086 2426 1285 2504 argumentis
1318 2431 1435 2509 postea
1471 2424 1695 2491 disserendum
1731 2427 1802 2502 erit,

380 2546 587 2614 quanquam,
615 2527 703 2610 qnod
730 2530 783 2594 hic
808 2530 917 2593 statim
941 2545 1168 2611 praesumam,
1193 2544 1256 2591 nec
1279 2529 1342 2594 illis
1370 2528 1489 2595 adduci
1513 2546 1665 2611 possum,
1690 2533 1727 2595 ut
1751 2530 1801 2594 al·

377 2640 484 2700 teram
507 2631 728 2715 captivitatem
754 2632 859 2697 Panlo
886 2631 1036 2697 evenisse
1063 2629 1252 2696 concedam.

493 2728 526 2801 3.
578 2738 779 2816 Argumenta
804 2753 847 2799 ex
869 2734 1100 2818 probabilitate
1118 2733 1289 2816 desumpta
1314 2750 1418 2816 prope
1445 2732 1558 2798 omnia
1583 2738 1699 2799 contra
1719 2733 1800 2797 alte·

380 2856 452 2904 ram
486 2837 709 2920 captivitatem
730 2842 896 2920 pugnant.
948 2832 978 2924 a)
1014 2836 1048 2901 Si
1074 2838 1244 2919 apostolus
1271 2854 1386 2902 revera
1411 2838 1445 2901 in
1477 2835 1635 2917 llispania
1657 2852 1801 2917 evange-

380 2943 460 3006 lium
485 2940 696 3024 praedicavit,
723 2940 855 3006 difficile
878 2944 928 3005 est
954 2941 1128 3022 explicatu,
1155 2959 1214 3006 cur
1238 2957 1281 3004 ne
1307 2939 1446 3020 vestigia
1471 2937 1604 3019 quidem
1630 2938 1727 3021 huius
1752 2938 1800 3002 rei

379 3050 495 3128 postea
523 3044 746 3122 inveniamus,
773 3044 966 3125 praesertim
992 3060 1093 3125 quum
1120 3043 1279 3108 ecclesiae
1305 3043 1524 3122 subsequente
1547 3047 1696 3124 tempore
1717 3057 1800 3123 apo·

378 3149 528 3212 stolicam
554 3147 715 3228 originem
741 3146 877 3211 maximi
904 3146 1051 3213 fecerint
1101 3143 1133 3233 b)
1168 3145 1203 3212 Si
1235 3146 1404 3228 apostolus
1431 3161 1549 3209 revera
1575 3163 1618 3208 ex
1643 3144 1800 3226 Hispania

379 3267 530 3316 reversus
565 3252 682 3315 iterum
716 3250 750 3313 in
784 3250 914 3315 vincula
947 3250 1114 3332 conjectus
1148 3249 1188 3313 ll.
1213 3247 1296 3314 Tim.
1320 3247 1468 3331 scripsit,
1503 3245 1688 3311 mirandum
1719 3263 1799 3310 sane

379 3358 446 3431 est,
473 3350 562 3435 quod
586 3370 628 3416 ne
652 3353 755 3416 verbo
781 3353 914 3435 quidem
939 3357 1111 3429 memorat,
1139 3368 1223 3433 quae
1248 3349 1312 3434 ipsi
1343 3349 1538 3432 contigerint
1561 3350 1800 3432 necquicquam

378 3457 550 3521 Timotheo
584 3455 783 3521 amicissimo
818 3455 859 3519 de
894 3455 944 3519 his
980 3455 1077 3521 rebus
1110 3455 1232 3519 scribit
1285 3450 1312 3540 c)
1346 3454 1410 3520 Vix
1434 3450 1589 3517 credibile
1616 3457 1682 3529 est,
1714 3471 1798 3534 quo·

377 3561 478 3625 modo
513 3561 665 3642 apostolo
692 3558 819 3623 Romae
850 3575 968 3622 rursus
998 3557 1150 3639 captivo,
1184 3561 1328 3621 attamen
1358 3562 1394 3622 ut
1418 3556 1451 3620 in
1477 3556 1584 3637 prima
1610 3556 1798 3639 captivitate

378 3663 496 3728 iterum
526 3663 631 3728 libera
661 3664 788 3727 tantum
821 3660 970 3725 custodia
1004 3662 1155 3737 detento,
1189 3660 1309 3724 iterum
1343 3677 1457 3724 coram
1490 3656 1631 3724 Caesare
1664 3675 1798 3723 causam

376 3781 470 3829 suam
494 3783 592 3847 agere
618 3764 756 3843 licuerit,
779 3781 880 3846 quum
905 3764 960 3829 ille
987 3769 1018 3828 et
1044 3767 1131 3827 totus
1156 3762 1298 3844 populus
1316 3778 1473 3827 romanus
1492 3763 1637 3827 maxime
1652 3762 1685 3826 in
1702 3758 1798 3826 Chri·

376 3868 500 3934 stianos
536 3869 725 3934 exacerbati
759 3867 899 3940 suerint,
933 3870 965 3929 et
999 3864 1168 3948 quomodo
1202 3864 1308 3930 Paulo
1339 3869 1467 3946 tempus
1501 3864 1651 3930 relictum
1687 3863 1728 3928 sit
1754 3864 1796 3929 ad

377 3971 583 4037 scribendam
616 3971 789 4038 Timotheo
823 3970 1012 4051 epistolam,
1046 3968 1123 4049 quin
1159 3969 1260 4033 immo
1296 3985 1389 4051 spes,
1425 3967 1498 4032 iore
1523 3972 1560 4032 ut
1585 3968 1627 4033 ad
1653 3967 1795 4033 hiemem

375 4090 479 4154 usque
505 4077 606 4140 vitam
632 4075 793 4157 producat
818 4078 850 4137 et
876 4072 1103 4146 Timotheum,
1137 4088 1235 4152 quem
1267 4070 1309 4136 ad
1343 4089 1379 4137 se
1410 4070 1596 4148 vocaverit,
1631 4069 1741 4135 videre
1764 4075 1796 4134 et

377 4177 406 4239 ei
433 4177 614 4242 valedicere
636 4178 757 4260 possit,
787 4176 928 4256 deniqne
956 4174 1124 4257 quomodo
1151 4175 1253 4239 altera
1279 4175 1466 4257 captivitas,
1493 4173 1592 4237 rebus
1624 4167 1794 4255 tantopere

376 4279 518 4353 mutatis,
545 4281 671 4360 primae
697 4287 764 4345 tam
790 4295 926 4363 prorsus
948 4278 1096 4359 aequalis
1121 4277 1302 4359 similisque
1328 4279 1399 4342 lieri
1421 4276 1572 4359 potnerit.

490 4379 607 4446 Paucis
634 4384 743 4448 verbis
770 4401 857 4448 nunc
882 4385 1007 4464 repeto,
1031 4397 1116 4461 quae
1140 4399 1181 4444 ex
1209 4380 1474 4445 antecedentibus
1505 4378 1598 4460 sequi
1628 4378 1710 4443 mihi
1743 4379 1793 4442 vi-

375 4482 511 4559 dentur,
544 4484 682 4549 aiteram
708 4487 801 4551 Pauli
828 4485 1047 4568 captivitatem
1074 4482 1292 4547 nullomodo
1318 4483 1395 4548 satis
1417 4481 1581 4547 firmatam
1607 4499 1698 4560 esse,
1732 4498 1794 4545 nec

374 4585 569 4651 testimoniis
596 4591 761 4665 veterum,
798 4605 859 4654 nec
891 4588 963 4653 aliis
987 4586 1208 4666 argumentis;
1243 4586 1354 4667 itaque
1389 4601 1503 4649 omnes
1533 4585 1664 4650 illorum
1703 4583 1792 4648 viro-

374 4708 448 4754 rum
483 4687 676 4754 sententiam
713 4691 845 4771 rejicio,
874 4692 930 4773 qni
967 4695 1042 4773 post
1075 4705 1246 4755 romanam
1273 4688 1365 4753 Pauli
1390 4688 1608 4771 captivitatem
1637 4686 1792 4769 epistolas
1826 4758 1832 4765 ,

1494 4812 1513 4876 2
