4350 5586
1082 503 1118 563 11

389 685 509 750 Paulus
535 685 570 747 in
596 682 701 766 prima
724 680 767 744 ad
793 677 980 745 Corinthios
1006 681 1146 760 epistola
1162 677 1282 760 Ephesi
1309 697 1380 744 esse
1407 698 1448 744 ne
1467 684 1569 748 verbo
1591 684 1722 767 quidem
1738 704 1809 752 me-

319 811 321 815 ’
388 795 513 864 moret,
541 791 608 850 tam
633 785 699 848 cito
726 789 758 846 et
783 787 848 849 tam
873 783 1049 864 periculosi
1075 782 1280 858 exstiterint,
1311 788 1346 846 ut
1370 782 1490 849 Paulus
1517 793 1633 852 contra
1656 807 1714 853 eos
1735 808 1808 857 ma-

388 893 478 955 xime
499 905 571 952 esse
594 887 806 970 pugnandum
831 885 1038 949 Timotheum
1066 886 1247 962 monuerit,
1284 902 1385 965 quum
1419 892 1526 951 tamen
1549 890 1620 971 ipse
1645 893 1808 974 aliquam-

388 994 445 1058 diu
471 991 592 1073 Ephesi
614 990 737 1054 morari
762 995 795 1053 et
820 1006 880 1053 sua
903 985 1096 1053 duotoritate
1122 988 1298 1052 hominum
1320 989 1453 1053 illorum
1474 990 1602 1072 incepta
1628 997 1808 1077 reprimere

388 1099 460 1160 sine
485 1095 552 1159 ullo
576 1092 790 1158 incommodo
815 1092 968 1173 potuerit
1027 1090 1154 1155 Deinde
1181 1096 1291 1155 aulem
1317 1092 1345 1154 si
1371 1092 1470 1157 talsos
1498 1093 1649 1163 doctores
1672 1095 1807 1180 repente

386 1198 548 1264 exstitisse
577 1203 610 1260 et
635 1196 678 1261 ad
703 1196 777 1259 ilios
805 1194 1006 1259 coercendos
1032 1195 1240 1258 Timotheum
1266 1194 1416 1259 relictum
1444 1213 1515 1261 esse
1542 1198 1806 1279 existimarimus,

385 1300 565 1385 permirum
589 1317 670 1363 sane
695 1316 779 1375 esse,
804 1298 894 1379 quod
918 1297 1108 1362 Timotheus
1133 1298 1329 1362 brevissimo
1347 1304 1423 1379 post
1443 1305 1593 1382 tempore
1613 1308 1670 1366 ant
1689 1305 1806 1387 sponte

387 1411 445 1469 ant
479 1402 572 1467 Pauli
597 1402 691 1484 jussu
726 1401 858 1483 Epheso
892 1402 1009 1465 iterum
1046 1400 1247 1474 discesserit,
1283 1418 1384 1482 quum
1414 1404 1504 1468 nulla
1536 1405 1664 1469 ratione
1690 1413 1806 1488 putare

385 1507 566 1590 possimus,
592 1513 659 1569 tam
681 1504 884 1587 periculosos
911 1503 1012 1568 ialscs
1038 1503 1191 1568 doctores
1216 1509 1282 1567 tam
1310 1505 1375 1568 cito
1397 1505 1495 1586 plane
1521 1523 1593 1571 esse
1619 1525 1806 1591 oppressos,

385 1617 417 1675 et
439 1607 527 1691 quod
545 1608 676 1683 Paulus,
699 1608 751 1671 cui
773 1607 831 1671 illc
857 1611 1007 1689 tempore
1031 1608 1166 1672 minime
1193 1606 1356 1671 defuerint
1382 1611 1517 1673 comites
1542 1611 1709 1692 sociique,
1735 1613 1805 1678 siae

384 1714 452 1778 ulla
477 1728 579 1776 eausa
604 1710 794 1776 avocaverit
817 1709 950 1791 Epheso
971 1711 1196 1788 Timotheum,
1231 1726 1352 1791 magno
1383 1728 1464 1776 sane
1496 1716 1528 1774 et
1554 1716 1644 1792 gravi
1668 1732 1803 1782 munere

384 1817 584 1896 fungentem.
644 1813 793 1894 Denique
828 1813 1047 1885 nullomodo
1084 1813 1237 1893 intelligi,
1273 1815 1442 1893 quomodo
1476 1813 1597 1880 Paulus
1631 1824 1699 1881 tum
1722 1836 1810 1884 mox.

381 1919 548 2002 Ephesum
582 1934 618 1982 se
649 1933 859 1981 reversurum
892 1934 1026 1998 sperare
1052 1916 1210 1998 potuerit,
1244 1933 1345 1997 quum
1365 1917 1399 1980 in
1427 1915 1565 1982 Graecia
1590 1925 1622 1982 et
1645 1920 1803 1986 Macedo-

382 2024 438 2087 nia
463 2022 566 2086 multa
586 2020 720 2101 negotia
746 2021 776 2082 ei
802 2020 991 2101 peragenda
1016 2019 1137 2084 tuerint
1164 2023 1196 2083 et
1219 2019 1388 2099 quomodo
1412 2019 1446 2084 in
1473 2021 1623 2084 oratione
1645 2023 1685 2086 ad
1708 2043 1802 2106 pres·

383 2126 514 2207 hyteros
541 2123 693 2206 ephesios
720 2128 835 2203 postea
860 2123 971 2187 habita
1000 2117 1080 2210 (Act.
1096 2122 1167 2199 XX,
1194 2112 1353 2210 18-35)
1379 2121 1420 2186 de
1446 2123 1563 2187 tuturis
1590 2127 1713 2189 tantum
1739 2129 1802 2192 fal-

382 2229 425 2293 sis
448 2227 639 2293 doctoribus
665 2225 856 2301 vaticinari,
885 2233 919 2290 at
951 2243 1018 2290 non
1044 2225 1115 2308 jam
1138 2224 1254 2290 admse
1280 2229 1313 2289 et
1336 2224 1481 2290 adfuisse
1507 2227 1581 2291 illos
1607 2233 1640 2290 et
1664 2236 1801 2311 propter

381 2331 629 2414 perversitatem
652 2346 723 2393 esse
742 2347 785 2392 ex
804 2329 943 2394 ecclesia
957 2329 1079 2411 electos
1094 2333 1130 2392 ut
1146 2328 1372 2409 Hymenaeum
1390 2333 1422 2392 et
1440 2328 1664 2395 Alexandrum
1690 2327 1725 2418 (l,
1741 2324 1800 2419 20)

258 2490 259 2494 ,
382 2435 561 2500 admonere
596 2432 671 2497 illos
704 2433 856 2513 potuerit
915 2429 973 2496 Sin
1006 2432 1233 2496 nihilominus
1251 2430 1326 2496 falsi
1351 2431 1508 2497 doctores
1526 2433 1596 2515 jam
1621 2433 1802 2500 adfuissent

381 2544 414 2602 et
445 2538 568 2603 Paulus
601 2536 659 2600 illa
696 2536 846 2600 cretione
880 2551 998 2599 eorum
1032 2535 1234 2599 mentionem
1265 2534 1415 2611 iecisset,
1444 2534 1654 2600 iuncturas
1686 2539 1800 2615 verba,

380 2658 465 2723 quae
486 2642 557 2724 ipse
579 2638 723 2714 audivit,
757 2633 1033 2703 adulterasset'et
1057 2637 1140 2702 talea
1166 2636 1334 2719 fallaxque
1361 2623 1439 2703 told
1452 2643 1610 2704 Actorum
1637 2645 1723 2705 esset
1747 2642 1800 2706 hi·
1889 2633 1893 2642 ’

379 2744 499 2820 storia,
529 2741 619 2824 quod
644 2746 754 2807 tamen
782 2743 838 2806 vix
864 2741 1038 2823 qnisquam
1060 2740 1258 2806 contendere
1284 2739 1430 2805 auderet.
1468 2776 1512 2788 -
1549 2741 1684 2806 Praeter
1713 2744 1800 2832 hanc

379 2847 573 2912 sententiam
600 2844 771 2927 epistolam
797 2863 838 2909 eo
860 2850 1011 2927 tempore
1036 2845 1191 2927 scriptam
1217 2861 1300 2919 esse,
1326 2848 1359 2908 et
1383 2844 1464 2909 alias
1490 2837 1610 2909 refutat
1636 2844 1799 2911 Schleicr-

378 2952 513 3015 macher
538 2947 723 3029 opiniones,
748 2951 784 3012 ut
807 2939 997 3012 Timotheus
1022 2949 1231 3030 presbyteros
1257 2946 1449 3024 institueret,
1473 2947 1563 3028 quod
1588 2947 1709 3014 Paulus
1729 2948 1799 3014 De-

378 3054 486 3118 metrii
510 3051 650 3116 tumuitu
675 3051 849 3133 impeditus
875 3050 984 3115 facere
1010 3068 1079 3115 non
1102 3052 1276 3134 potuisset,
1302 3050 1361 3115 sed
1386 3050 1517 3127 Paulus,
1543 3051 1599 3131 qui
1621 3051 1686 3115 iam
1710 3053 1799 3116 circa

378 3156 496 3221 testum
523 3153 675 3237 paschale
701 3155 923 3230 constituerat,
948 3157 985 3217 ut
1008 3171 1089 3219 mox
1113 3153 1385 3236 proficisceretur,
1411 3153 1489 3217 satis
1509 3154 1666 3235 temporis
1685 3155 1800 3221 hahuit

378 3260 419 3324 ad
452 3260 528 3325 illos
564 3255 733 3337 eligendos
769 3262 800 3320 et
827 3257 1002 3322 initiandos
1037 3274 1099 3321 nec
1134 3256 1291 3321 Demetrii
1325 3257 1464 3320 tumultu
1486 3256 1530 3321 ad
1554 3262 1797 3339 praematuram

379 3362 616 3445 protectionem
641 3365 774 3425 coactus
800 3364 866 3437 est,
897 3377 998 3442 quum
1024 3359 1139 3425 sedato
1160 3360 1300 3424 tumultu
1326 3365 1528 3424 convocatae
1551 3361 1713 3425 ecclesiae
1737 3379 1797 3427 va-

378 3467 532 3529 lediceret
553 3480 762 3544 nequaquam
790 3462 904 3527 statim
934 3465 1049 3528 abiret.
1101 3463 1275 3528 Praeterea
1300 3463 1498 3545 intrepidum
1531 3462 1625 3527 Pauli
1650 3464 1795 3528 animum

377 3567 465 3633 haud
491 3566 610 3643 decuit,
633 3566 841 3631 Timotheum
867 3564 1109 3631 adolescentem
1136 3567 1243 3630 solum
1267 3566 1496 3647 derelinquere
1516 3566 1549 3629 in
1565 3566 1713 3648 periculo
1734 3584 1796 3632 nec

377 3673 509 3736 firmare
535 3669 732 3734 hortatione.
784 3667 916 3751 Opinio,
942 3670 1114 3752 epistolam
1140 3669 1313 3734 Timotheo
1338 3670 1372 3733 in
1394 3667 1623 3734 Macedoniam
1647 3669 1796 3752 proiecto

377 3791 449 3839 esse
471 3774 624 3849 missam,
650 3777 762 3854 aperte
788 3771 982 3837 contradicit
1001 3773 1111 3837 verbis
1135 3772 1310 3854 prooemii,
1332 3789 1372 3837 ca
1397 3777 1518 3849 autem,
1544 3774 1700 3853 scriptam
1723 3790 1795 3838 esso

377 3878 410 3941 in
436 3876 623 3960 captivitate
649 3876 855 3941 caesareensi
889 3875 972 3940 falsa
1007 3880 1071 3950 est,
1103 3874 1191 3956 quod
1223 3875 1344 3940 Paulus
1373 3891 1436 3938 suo
1458 3875 1583 3940 nomini
1609 3863 1627 3945 ὅ
1653 3857 1795 3963 δέσμιος

376 3977 443 4050 τοῦ
468 3970 590 4074 κυρίου
616 3995 684 4043 non
710 3977 838 4061 adjecit,
865 3977 954 4059 quod
976 3976 1086 4042 iacere
1110 3978 1248 4053 solebat:
1275 3976 1351 4041 dum
1377 3978 1524 4059 captivus
1549 3983 1630 4054 erat,
1652 3982 1684 4042 et
1704 3979 1794 4061 quod

377 4082 526 4146 libertate
551 4083 697 4165 privatus
723 4098 857 4163 sperare
882 4098 950 4145 uon
976 4082 1091 4163 potuit,
1118 4096 1198 4145 mox
1223 4079 1390 4164 Ephesum
1415 4098 1452 4145 se
1475 4098 1547 4145 esse
1573 4096 1793 4159 reversurum,

377 4184 525 4267 opinioni
549 4185 690 4268 denique
720 4191 796 4267 post
824 4184 1045 4266 captivitatem
1075 4201 1249 4249 romanam
1273 4184 1427 4266 scriptam
1451 4200 1523 4247 esse
1549 4184 1658 4248 obstat
1678 4184 1792 4249 Timo·

377 4288 442 4352 thei
464 4286 618 4369 iuventus
645 4282 707 4374 (lv,
732 4277 810 4374 12);
845 4286 962 4369 quibus
984 4287 1141 4368 expositis
1162 4285 1443 4353 Schlciermacher
1462 4287 1588 4352 nullum
1611 4303 1683 4370 esse
1707 4293 1792 4352 tem-

375 4408 447 4473 pus,
470 4405 536 4471 quo
563 4391 701 4472 epistola
727 4390 826 4455 scrihi
851 4389 1003 4471 potuerit,
1029 4388 1207 4454 contendit
1268 4409 1275 4422 ·
1844 4385 1850 4395 '

496 4483 529 4556 2.
580 4490 764 4570 Eichhorn,
788 4492 831 4556 ad
854 4510 951 4574 quem
977 4510 1065 4557 nunc
1086 4493 1204 4570 venio,
1235 4491 1377 4574 primum
1404 4508 1518 4557 omncs
1544 4494 1611 4558 'tres
1636 4493 1790 4575 epistolas

315 4640 321 4661 t
376 4595 417 4657 ab
441 4610 508 4659 uno
536 4595 719 4676 eodemque
746 4599 880 4661 auctore
902 4593 1060 4661 oriundas
1086 4612 1158 4661 esse
1180 4612 1222 4659 ex
1247 4592 1456 4659 similitudine
1483 4594 1632 4661 dictionis
1657 4600 1690 4661 et
1714 4612 1791 4661 sen-

375 4696 560 4773 tentiarum,
594 4703 625 4762 et
648 4699 725 4779 qnia
751 4697 784 4762 in
807 4703 948 4782 nuoqne
973 4716 994 4764 a
1021 4699 1184 4765 constanti
1209 4698 1301 4763 Pauli
1328 4715 1390 4765 usu
1412 4697 1567 4764 recedant
1592 4715 1659 4763 non
1683 4699 1789 4780 pauli-

1465 4827 1508 4891 2st
