4350 5586
1056 449 1098 514 52

374 630 510 715 epistola
536 630 609 712 ipsa
634 629 809 694 amicitiam
836 645 951 694 eorum
977 628 1157 710 descripsit,
1183 631 1215 690 at
1240 640 1305 691 non
1333 626 1448 708 potuit,
1471 627 1549 708 quin
1576 626 1685 691 multis
1705 626 1791 692 locis

374 750 496 799 nexum
529 733 762 798 sententiarum
788 733 965 813 negligeret
991 738 1023 796 et
1049 731 1141 795 varia
1168 730 1362 811 diversaque
1387 730 1478 794 brevi
1511 730 1617 810 spatio
1639 747 1790 812 expone-

374 841 441 914 ret,
466 853 572 916 neque
598 853 640 899 eo
664 834 781 899 ordine
806 841 937 915 ageret,
963 852 1029 914 quo
1053 833 1173 898 Paulus
1196 833 1229 895 in
1257 832 1420 914 epistolis,
1447 849 1547 912 quum
1570 832 1693 897 nullam
1718 832 1790 914 pri·

373 939 511 1004 mariam
533 937 691 1021 epistolae
716 940 909 1003 seutentiam
933 938 1086 1012 haberet,
1111 936 1169 1000 sed
1196 953 1237 998 eo
1263 936 1402 999 consilio
1424 936 1598 1010 scriberet,
1620 943 1656 999 ut
1676 936 1790 1001 omnia

375 1043 522 1124 quamvis
548 1040 651 1116 varia,
674 1058 759 1122 quae
775 1042 914 1106 ecelesia
929 1040 1115 1104 necessaria
1130 1038 1327 1112 viderentur,
1352 1038 1624 1119 complecteretur
1640 1043 1672 1102 et
1691 1055 1789 1121 prae-

374 1146 506 1226 ciperet
558 1144 640 1207 llinc
666 1142 761 1208 lacile
782 1145 963 1227 explicatur
988 1143 1184 1224 compositio
1211 1147 1243 1205 et
1268 1147 1385 1205 natura
1410 1141 1568 1222 epistolae
1592 1135 1701 1223 (quam
1718 1157 1789 1204 rem

374 1248 504 1328 egregie
531 1245 681 1310 tractavit
702 1244 982 1313 Schleiermacher
1000 1246 1140 1311 simmtl.
1159 1243 1319 1309 Schriften
1336 1245 1375 1308 ll.
1392 1234 1624 1330 275-280.),
1651 1260 1735 1324 quae
1758 1249 1792 1307 et

373 1349 544 1415 familiaris
572 1348 710 1429 epistola
735 1365 808 1414 esse
838 1356 870 1415 et
896 1351 997 1413 multa
1024 1365 1160 1412 monere
1186 1354 1218 1410 et
1243 1346 1363 1410 docere
1392 1347 1479 1420 vult,
1511 1343 1600 1426 quod
1626 1344 1791 1411 Schleier·

373 1451 509 1516 macher
538 1450 713 1532 praecipue
746 1458 862 1517 contra
894 1452 1060 1534 paulinam
1091 1451 1161 1532 ejus
1195 1451 1355 1529 originem
1388 1448 1527 1530 premit;
1563 1464 1640 1510 nam
1675 1455 1791 1513 auctor

375 1555 493 1638 partim
519 1553 622 1617 voluit
645 1555 805 1636 epistolae
831 1555 911 1619 dare
936 1556 1099 1637 speciem,
1132 1553 1224 1633 quasi
1253 1552 1374 1616 Paulus
1394 1551 1591 1615 amicissimo
1616 1549 1790 1615 Timotheo

375 1674 450 1723 eam
483 1657 682 1738 scripsisset,
711 1657 829 1738 partim
855 1657 993 1733 docere,
1018 1673 1154 1720 monere
1186 1660 1217 1718 et
1242 1654 1483 1736 praescribere,
1519 1669 1603 1734 quae
1630 1654 1790 1719 ecclesiae

376 1760 468 1825 utilia
496 1764 528 1822 et
552 1759 738 1824 necessaria
762 1765 879 1839 essent,
898 1765 935 1824 ut
959 1776 1020 1824 sua
1047 1763 1220 1840 praecepta
1241 1756 1332 1821 Pauli
1359 1758 1459 1838 ipsius
1486 1772 1558 1819 esse
1582 1755 1790 1830 viderentur3

375 1865 440 1928 boc
460 1879 540 1926 vero
566 1861 687 1944 duplici
713 1862 852 1927 consilio
880 1879 1014 1927 necesse
1050 1862 1129 1936 luit,
1162 1861 1333 1942 epistolam
1366 1877 1427 1924 nec
1460 1859 1604 1923 indolem
1631 1860 1790 1941 epistolae

375 1981 512 2048 prorsus
538 1964 727 2041 familiaris,
757 1982 817 2029 nec
852 1982 925 2029 eam
956 1965 1103 2030 docentis
1129 1969 1161 2026 et
1187 1964 1346 2026 hortantis
1371 1963 1429 2026 sed
1454 1962 1546 2043 quasi
1573 1961 1709 2026 mixtam
1736 1979 1791 2026 as·

336 2091 340 2097 ·
376 2085 525 2144 sumere,
555 2073 587 2130 et
621 2066 775 2131 facillime
807 2067 879 2131 lieri
915 2069 1021 2150 potuit
1054 2072 1089 2131 ut
1123 2072 1237 2130 auctor
1263 2083 1323 2131 sua
1349 2071 1381 2129 et
1403 2051 1496 2130 Pauli
1521 2071 1669 2144 tempora
1693 2072 1725 2129 et
1747 2066 1792 2129 ita

376 2176 564 2254 praesentes
589 2168 782 2251 futurosque
808 2169 908 2235 lalsos
933 2171 1084 2234 doctores
1111 2170 1330 2250 permisceret.
1381 2166 1496 2232 Studio
1515 2166 1656 2248 denique
1677 2175 1793 2232 aucto-

376 2275 421 2339 ris
448 2288 639 2355 permagno,
665 2275 700 2335 ut
725 2273 889 2351 instituta,
911 2291 995 2354 quae
1022 2273 1052 2336 ei
1077 2273 1262 2336 necessaria
1289 2270 1499 2346 videbantur,
1527 2287 1626 2352 quam
1646 2273 1793 2335 maxime

377 2374 623 2440 commendaret
648 2380 680 2437 et
703 2375 780 2438 vitia
806 2392 890 2456 quae
917 2375 1146 2440 animadvertit
1178 2375 1393 2456 vituperaret,
1426 2373 1521 2438 facile
1548 2372 1697 2438 accidere
1731 2390 1794 2455 po-

376 2481 457 2556 tuit,
493 2482 528 2541 ut
553 2476 718 2540 nonnullis
742 2477 822 2541 locis
844 2480 1019 2542 sententias
1045 2484 1077 2542 et
1102 2483 1276 2560 praecepta
1301 2476 1459 2554 ediceret,
1495 2493 1579 2557 quae
1608 2494 1629 2541 a
1653 2477 1794 2559 paulinis

378 2582 584 2663 aliquatenus
609 2577 817 2657 recederent,
849 2581 958 2661 qualia
985 2597 1084 2662 supra
1110 2582 1234 2645 monita
1260 2587 1352 2656 sunt,
1383 2580 1574 2661 praesertim
1600 2595 1701 2660 quum
1727 2580 1792 2643 hoc

377 2683 486 2748 studio
511 2683 663 2745 incensus
688 2682 786 2746 etiam
810 2681 904 2747 Pauli
927 2682 1013 2747 dicta
1037 2683 1120 2748 lalso
1147 2684 1327 2763 intelligere
1349 2686 1380 2745 et
1404 2682 1444 2746 ad
1468 2682 1519 2746 sui
1541 2684 1698 2764 temporis
1717 2700 1792 2746 mo-

378 2802 431 2851 res
458 2789 490 2847 et
509 2784 781 2865 necessitatesque
808 2772 1003 2868 detorquere
1030 2803 1211 2869 propensus
1239 2792 1333 2849 esset
1383 2783 1436 2849 Sic
1462 2802 1504 2848 ex
1522 2802 1561 2848 ea
1578 2786 1706 2851 ratione
1727 2802 1793 2866 qua

378 2905 440 2952 nos
467 2895 573 2952 ortam
598 2887 770 2968 epistolam
800 2905 872 2954 esse
898 2895 1066 2971 putamus,
1106 2895 1138 2954 et
1163 2888 1360 2970 compositio
1385 2893 1417 2951 et
1442 2886 1569 2952 indoles
1600 2894 1632 2952 et
1656 2889 1792 2954 aberra-

378 2991 484 3055 tiones
517 3007 538 3055 a
562 2989 655 3056 Pauli
683 2988 809 3054 dicendi
834 2998 866 3056 et
887 2992 1026 3057 docendi
1049 3009 1169 3072 genere
1192 2991 1350 3073 explicari
1376 3007 1473 3072 posse
1499 2989 1570 3054 sine
1603 2990 1793 3056 difficultate

378 3093 539 3158 videntur.
590 3091 692 3157 Simul
719 3098 826 3157 autem
851 3113 892 3159 ex
919 3113 958 3160 ea
984 3096 1143 3161 sententia
1169 3094 1265 3159 lacila
1290 3092 1469 3173 colligitur,
1503 3091 1581 3172 quid
1607 3093 1648 3158 de
1669 3093 1792 3176 episto-

378 3198 431 3261 lae
457 3195 658 3273 auctoritate,
684 3201 719 3259 ut
745 3197 846 3277 partis
868 3198 1048 3280 scripturae
1074 3214 1188 3263 sacrae
1212 3212 1413 3261 censeamus.
1465 3193 1575 3272 Quum
1601 3198 1689 3261 enim
1719 3202 1793 3259 orta

378 3301 420 3364 sit
456 3299 606 3379 proxime
640 3315 724 3363 aevo
759 3302 942 3381 apostolico
974 3307 1040 3365 tam
1073 3302 1164 3366 bono
1197 3304 1229 3363 et
1262 3298 1417 3365 laudabili
1451 3298 1563 3363 animo
1588 3301 1793 3380 consilioque

380 3403 607 3467 necessitatum
634 3401 791 3466 ecclesiae
815 3403 1038 3480 lavandarum,
1064 3421 1164 3486 quum
1190 3407 1281 3467 tanto
1307 3400 1414 3465 studio
1440 3401 1561 3483 scripta
1586 3404 1627 3468 sit
1652 3402 1793 3484 apostoli

379 3506 412 3569 in
436 3504 588 3567 omnibus
613 3503 752 3568 fideliter
774 3506 939 3584 imitandi,
979 3524 1078 3587 quum
1108 3506 1249 3587 denique
1274 3510 1322 3570 tot
1347 3504 1516 3586 praeclare
1546 3508 1577 3568 et
1608 3523 1684 3571 vere
1708 3506 1793 3569 dicta

381 3611 618 3689 praeceptaque
643 3607 818 3684 contineat,
843 3609 1058 3688 nullomodo,
1084 3616 1120 3673 ut
1145 3610 1284 3674 tortasse
1310 3607 1442 3688 quidam
1469 3608 1642 3685 voluerint,
1668 3627 1686 3673 e
1712 3609 1794 3672 scri-

381 3716 476 3791 ptura
502 3727 595 3773 sacra
621 3709 780 3791 ejicienda
806 3718 855 3776 est
880 3717 912 3776 et
936 3714 1029 3796 quasi
1055 3713 1130 3778 licta
1152 3715 1184 3775 et
1200 3712 1368 3794 supposita
1384 3710 1646 3784 contemnenda;
1679 3728 1794 3792 uerum

381 3813 408 3874 si
433 3813 549 3891 quibus
571 3811 634 3875 hac
659 3816 933 3879 commentatione
954 3822 1009 3881 aut
1031 3817 1102 3881 aliis
1118 3817 1273 3898 operibus
1293 3814 1390 3895 longe
1411 3813 1700 3896 praestantioribus
1718 3801 1794 3895 per-

382 3914 588 3990 suadebitur,
615 3914 704 3980 illam
730 3934 797 3982 non
821 3918 914 3982 Pauli
940 3938 1031 3996 esse,
1068 3919 1127 3983 sed
1154 3935 1194 3982 ea
1220 3935 1317 3999 quam
1344 3920 1557 3999 exposuimus
1580 3917 1708 3981 ratione
1735 3934 1793 3980 or-

382 4023 465 4091 tam,
496 4023 563 4081 tum
599 4017 621 4079 ii
654 4021 779 4100 optimo
801 4018 875 4100 jure
902 4028 937 4085 ut
962 4023 1070 4088 adhuc
1091 4021 1160 4104 ejus
1186 4022 1377 4085 auctoritate
1404 4022 1451 4083 uti
1475 4020 1610 4100 eiusque
1637 4018 1735 4083 allata
1760 4025 1796 4083 ut
1852 4023 1855 4032 '

382 4118 560 4200 scripturae
586 4136 700 4187 sacrae
726 4123 811 4187 dicta
837 4140 1022 4205 proponere
1046 4128 1208 4206 poterunt,
1234 4121 1386 4187 simodo
1414 4126 1510 4187 antea
1535 4122 1795 4187 examinaverint

382 4223 465 4286 haec
487 4222 572 4286 dicta
606 4228 638 4286 et
669 4233 843 4308 praecepta
869 4228 1028 4308 epistolae
1050 4227 1235 4291 consentire
1265 4242 1338 4288 cum
1366 4224 1437 4289 aliis
1464 4226 1497 4288 in
1520 4227 1681 4308 scriptura
1701 4242 1795 4288 sacra

383 4323 489 4388 obviis
515 4325 619 4406 iisque
645 4328 702 4392 niti
729 4336 761 4394 et
786 4329 955 4395 affirmari.
1007 4334 1053 4394 llo
1078 4330 1106 4394 si
1125 4329 1210 4394 lorte
1236 4329 1292 4408 qui
1319 4332 1424 4403 erunt,
1446 4327 1502 4408 qui
1529 4345 1582 4393 me
1608 4329 1794 4409 vituperare

384 4427 494 4502 velint,
521 4427 609 4508 quod
634 4434 666 4492 et
688 4448 749 4513 ego
777 4433 910 4514 paulina
935 4439 1067 4497 nostrae
1093 4433 1249 4512 epistolae
1276 4428 1403 4507 origine
1429 4431 1550 4513 rejecta
1567 4432 1793 4496 auctoritatem

384 4529 564 4611 scripturae
590 4546 702 4597 sacrae
728 4541 899 4617 tantopere
921 4535 990 4617 lam
1018 4539 1204 4616 quassatam
1231 4547 1402 4612 aggressus
1428 4535 1500 4610 sim,
1527 4536 1588 4600 hos
1614 4551 1676 4599 oro
1697 4533 1794 4597 etiam

385 4640 483 4714 atque
518 4633 636 4711 etiam,
673 4640 706 4699 ut
739 4643 908 4720 reputent,
941 4655 1086 4704 menon
1114 4643 1237 4701 temere
1264 4636 1568 4703 hanosententiam
1602 4637 1642 4701 de
1668 4633 1794 4712 origine
