4350 5586
1093 462 1133 525 22

406 642 447 706 de
473 641 578 706 causis
605 641 646 704 de
668 641 791 707 Wettio
817 641 1002 719 assentitur,
1037 646 1165 722 tempus
1191 641 1288 723 huius
1314 641 1520 722 conscriptae
1547 640 1704 723 epistolae
1730 657 1825 707 corn·

406 745 503 810 mode
530 743 657 809 deliniri
681 760 749 810 non
775 759 882 824 posse.

517 844 702 911 Sententiae
739 861 820 925 quas
850 844 946 910 retuli
982 843 1014 908 iu
1048 849 1114 910 tres
1140 850 1249 927 parles
1275 861 1375 926 quum
1398 844 1647 927 considerentur
1672 848 1749 908 sunt
1774 842 1825 907 di·

405 949 618 1030 stinguendae
644 955 676 1014 et
699 950 839 1030 primum
863 947 994 1030 quidem
1020 954 1156 1030 apparet
1183 966 1255 1015 eam
1282 964 1381 1030 quam
1399 945 1544 1014 Credner
1565 947 1737 1035 proposuit
1756 963 1823 1012 non

405 1052 459 1116 hic
492 1053 551 1117 sed
584 1051 729 1117 secunda
762 1051 875 1132 capitis
901 1057 994 1132 parta
1021 1067 1093 1117 esse
1120 1049 1400 1133 pertractandam,
1431 1066 1532 1132 quum
1558 1054 1628 1119 tota
1654 1050 1697 1115 ad
1722 1048 1825 1133 origi-

405 1172 481 1220 nem
509 1155 667 1236 epistolae
693 1153 920 1235 explicandam
946 1158 1090 1235 spectem
1130 1153 1247 1221 deinde
1273 1156 1383 1219 autem
1410 1169 1449 1217 ea
1475 1168 1574 1234 quam
1600 1152 1768 1221 Eichhorn
1794 1156 1826 1216 et

406 1258 448 1325 de
471 1257 579 1325 Wotle
616 1261 765 1332 tuentur,
803 1274 874 1322 esse
904 1257 1077 1337 epistolam
1103 1256 1193 1339 prius
1220 1273 1319 1340 quam
1345 1256 1427 1320 alias
1452 1253 1558 1321 Roma
1585 1255 1677 1326 datas
1703 1272 1824 1323 conce-

406 1366 495 1442 ptam
529 1365 561 1427 et
594 1360 654 1424 toti
688 1360 845 1442 epistolae
880 1365 1016 1425 naturae
1053 1362 1173 1442 quippe
1200 1377 1299 1442 quam
1333 1358 1365 1423 iu
1395 1359 1510 1422 ultimo
1537 1360 1652 1425 mortis
1678 1358 1824 1440 periculo

404 1468 518 1545 aperte
553 1463 717 1544 scripserit
752 1463 921 1544 apostolus
956 1469 989 1527 et
1013 1468 1083 1528 bct.
1110 1462 1252 1528 xxvlll.
1277 1461 1477 1538 narrationi,
1512 1461 1692 1528 secundum
1725 1477 1825 1542 quam

406 1566 535 1630 duobus
560 1566 725 1646 prioribus
751 1567 845 1630 anuis
872 1565 1002 1646 publice
1024 1582 1156 1629 causam
1183 1583 1251 1630 non
1278 1564 1380 1645 egerit
1406 1564 1543 1642 Paulus,
1575 1581 1710 1646 prorsus
1743 1581 1825 1631 oon-

409 1667 539 1734 tradicit
573 1672 604 1731 et
639 1686 659 1737 a
694 1670 830 1733 veritate
862 1668 1028 1734 abhorret.
1093 1666 1220 1747 Quibus
1256 1666 1404 1732 refutatis
1437 1666 1495 1732 illa
1525 1671 1668 1746 tantum,
1708 1668 1826 1747 quibus

406 1770 521 1836 Schott
545 1787 622 1837 usus
645 1776 694 1837 est
718 1771 902 1853 quibusque
928 1771 984 1835 alii
1008 1771 1231 1849 consentiunt,
1266 1773 1459 1853 argumenta
1489 1769 1717 1851 relinquuntur
1743 1770 1827 1835 ube·

406 1875 540 1954 riusqns
562 1873 733 1940 tractanda
758 1879 843 1939 suut.
896 1871 997 1952 Quod
1022 1879 1197 1955 antequam
1224 1873 1343 1941 faciam
1366 1871 1578 1939 commodum
1594 1889 1666 1939 esse
1687 1870 1826 1948 videtur,

406 1977 449 2042 de
481 1975 562 2040 locis
595 1992 638 2040 ex
672 1976 790 2059 quibus
825 1977 938 2045 omnia
971 1976 1041 2042 lere
1069 1977 1208 2058 repetita
1240 1980 1316 2041 sunt
1342 1992 1413 2058 cap.
1436 1975 1489 2053 lv,
1516 1968 1563 2039 10
1586 1979 1619 2040 et
1642 1966 1691 2040 20
1716 1974 1826 2056 aliqua

406 2079 675 2167 praetermittere.
733 2078 769 2144 ln
797 2083 937 2162 utroque
960 2079 1036 2147 loco
1061 2080 1187 2147 tristem
1212 2095 1307 2144 suam
1334 2078 1502 2160 apostolus
1529 2076 1684 2144 describit
1708 2077 1826 2143 solitu-

406 2182 515 2246 dinem
542 2186 574 2247 et
596 2188 671 2247 orat
692 2180 888 2248 familiarem
911 2199 1006 2247 suurn
1033 2183 1251 2261 Timotheum,
1285 2186 1321 2249 ut
1344 2175 1425 2246 mox
1451 2179 1493 2246 ad
1518 2195 1554 2243 ss
1581 2183 1690 2247 veniat
1715 2184 1748 2245 et
1769 2196 1826 2244 so-

406 2287 522 2350 cietats
547 2301 584 2348 se
607 2285 649 2351 ab
671 2285 824 2351 omnibus
848 2284 917 2349 iere
944 2283 1133 2351 derelictum
1161 2284 1310 2351 sublevet
1336 2288 1369 2348 et
1394 2283 1593 2351 consoletur.
1653 2281 1827 2349 Consolari

406 2388 504 2468 igitur
529 2402 565 2450 se
600 2387 670 2467 ipse
695 2387 803 2453 studet
829 2389 1018 2468 apostolus,
1050 2404 1151 2468 quum
1177 2404 1276 2470 quam
1303 2385 1401 2451 tristis
1428 2391 1460 2449 et
1491 2378 1657 2453 desolatus
1680 2385 1723 2451 sit
1743 2386 1826 2451 ami-

406 2490 539 2555 cissimo
574 2489 749 2554 Timotheo
779 2497 908 2554 enarret
941 2495 973 2556 et
1005 2489 1230 2556 misericordia
1255 2492 1421 2555 commota
1448 2487 1490 2554 ad
1513 2488 1661 2555 solamen
1688 2489 1748 2570 ipsi
1775 2487 1827 2552 ie-‘

406 2591 545 2657 rendum
573 2592 709 2670 excitet,
745 2593 854 2673 itaque
882 2610 950 2658 non
973 2611 1106 2660 necesse
1132 2597 1197 2668 est,
1238 2592 1424 2675 apostolum
1450 2592 1563 2671 ignota
1591 2592 1735 2668 referre,
1767 2589 1827 2654 sed

406 2699 493 2760 totus
520 2694 553 2756 in
577 2693 792 2761 describenda
818 2695 951 2761 miseria
976 2696 1103 2761 delirus
1129 2697 1228 2762 etiam
1254 2701 1365 2761 vetera
1392 2699 1424 2758 et
1449 2694 1622 2759 Timotheo
1648 2699 1726 2760 nota
1747 2709 1826 2758 nar-
1884 2770 1887 2775 ¹

407 2814 483 2865 rare
507 2798 628 2877 potuit,
663 2814 763 2878 quum
791 2815 830 2862 ea
856 2798 1040 2875 effecerint,
1076 2804 1112 2863 ut
1137 2816 1225 2863 nunc
1250 2802 1422 2880 tantopere
1449 2798 1491 2862 ab
1516 2796 1629 2861 amicis
1656 2796 1826 2861 destitutus

407 2906 440 2964 st
455 2903 555 2987 ¹lanta
577 2900 710 2965 miseria
735 2899 874 2966 afflictus
900 2901 951 2968 sit
1002 2901 1094 2966 llanc
1120 2901 1252 2984 quidem
1278 2918 1348 2966 rem
1376 2917 1396 2964 a
1420 2904 1538 2965 natura
1560 2899 1730 2966 familiaris
1755 2900 1827 2981 epi-

410 3003 526 3077 stolae,
548 3020 633 3085 quae
659 3007 773 3069 nostra
796 3008 864 3068 tota
890 3010 948 3082 est,
973 3004 1115 3069 alienam
1138 3022 1222 3082 esse,
1248 3021 1346 3070 nemo
1370 3003 1440 3068 lere
1464 3003 1648 3068 contendet
1699 3001 1827 3067 Deinde

406 3106 471 3171 hoc
497 3109 700 3183 monuerim,
734 3123 776 3170 ex
802 3108 878 3172 loco
904 3110 974 3171 hcl.
1000 3105 1148 3186 xxvllr,
1182 3099 1321 3190 2ssqui
1346 3106 1427 3171 mihi
1452 3122 1519 3170 non
1541 3107 1664 3183 videri,
1701 3107 1827 3171 nullum

407 3209 509 3274 allum
541 3225 640 3289 quam
673 3208 793 3274 Lucam
830 3215 862 3274 et
893 3210 1119 3275 Aristarchum
1150 3211 1182 3273 in
1215 3210 1332 3275 itinere
1368 3208 1531 3275 Caesarea
1563 3209 1702 3275 Romam
1738 3209 1827 3274 iacto

407 3312 547 3377 Paulum
580 3312 772 3377 comitatum
804 3329 897 3389 esse,
929 3329 1006 3379 nam
1038 3329 1121 3379 voce
1153 3300 1221 3384 adv
1252 3301 1340 3402 ἡμῖν
1372 3310 1477 3379 Lucas
1507 3328 1575 3376 non
1600 3313 1706 3378 solum
1734 3328 1769 3376 se
1796 3316 1828 3376 et

406 3415 545 3480 Paulum
578 3416 636 3479 sed
669 3414 767 3481 etiam
805 3416 915 3496 plures
950 3415 1086 3482 comites
1119 3415 1399 3497 comprehendere
1429 3413 1525 3480 lacile
1552 3406 1656 3496 potuit
1679 3410 1730 3504 (ci.
1757 3418 1826 3479 Act

406 3516 490 3593 xvi,
515 3509 563 3581 10
575 3513 669 3605 sqq).
734 3515 828 3596 Quae
850 3502 881 3583 ”si
909 3519 981 3599 quis
1007 3520 1206 3585 concesserit
1229 3519 1318 3601 quod
1344 3535 1398 3582 me
1422 3516 1552 3600 quidem
1575 3518 1686 3600 judice
1707 3534 1827 3582 conce-

407 3620 486 3685 dere
513 3618 628 3698 dehet,
659 3619 915 3703 haudquaquam
938 3620 1148 3688 incommode
1173 3621 1294 3689 Paulus
1319 3626 1449 3699 narrat,
1474 3637 1589 3685 omnes
1611 3626 1741 3707 praeter
1762 3619 1828 3684 Lu·

407 3741 481 3789 cam
503 3723 545 3787 ab
569 3724 642 3805 ipso
665 3722 784 3791 abiisse
809 3725 930 3801 socios,
954 3723 1106 3791 Erastum
1127 3723 1217 3807 quod
1241 3725 1381 3791 fortasse
1399 3724 1562 3806 pollicitus
1582 3729 1662 3802 erat,
1686 3725 1826 3789 llomam

408 3840 480 3892 non·
503 3827 631 3890 venisse
656 3829 689 3891 st
714 3826 818 3892 Paulo
845 3827 1093 3910 deprecatorem
1118 3827 1292 3905 exstitisse,
1315 3831 1348 3892 et
1370 3826 1603 3910 Trophimum,
1639 3826 1694 3909 qui
1725 3843 1826 3907 quum

408 3928 564 3995 tumultus
590 3930 624 3993 in
651 3928 775 4011 templo
796 3931 903 3994 exorti
926 3931 1014 3996 testis
1042 3934 1136 4010 esset,
1161 3930 1300 3995 Paulum
1324 3933 1469 3995 maxime
1490 3928 1663 3996 acrimine
1680 3928 1826 4009 iniuncto

408 4033 550 4097 liberare
572 4033 684 4115 posset
706 4048 774 4097 non
802 4032 931 4097 venisse
951 4033 1091 4099 Romam
1117 4031 1176 4098 sed
1201 4039 1335 4116 propter
1361 4033 1515 4098 morbum
1539 4033 1574 4098 in
1590 4032 1707 4099 itinere
1727 4030 1827 4097 inisse

408 4134 670 4214 relinquendum.
721 4134 805 4201 Nam
831 4134 897 4201 boc
917 4135 997 4200 mihi
1014 4151 1207 4219 persuasum
1226 4140 1284 4216 est,
1310 4135 1537 4218 Trophimum,
1559 4135 1614 4218 qui
1631 4152 1706 4202 cum
1723 4134 1827 4201 Paulo

407 4237 573 4305 caesarea
598 4237 764 4320 proiectus
792 4242 873 4316 erat,
899 4237 1037 4305 adversa
1059 4238 1269 4318 navigatione
1295 4241 1499 4306 contraxisse
1517 4239 1672 4305 morbum
1692 4244 1827 4322 propter

407 4356 507 4423 quem
533 4344 591 4405 aut
619 4341 713 4407 initio
739 4342 880 4418 itineris,
921 4359 1020 4422 quum
1048 4341 1180 4422 navigio
1202 4341 1429 4431 adramytteno
1456 4341 1553 4406 Asiae
1579 4359 1656 4407 oras
1679 4346 1828 4424 praeler-

409 4443 627 4520 veherentur,
656 4444 759 4509 Mileti
784 4444 817 4508 in
845 4441 941 4511 Caria
967 4446 1020 4509 siti
1045 4446 1176 4511 relictus
1203 4450 1251 4508 est
1279 4441 1358 4531 (hot.
1383 4442 1527 4518 xxviii,
1554 4434 1600 4531 3),
1636 4450 1692 4509 aut
1713 4444 1828 4524 illyres
1880 4518 1885 4531 Ι

407 4546 443 4611 in
468 4544 568 4625 Lycia
595 4546 761 4626 expositus
787 4547 922 4612 domurn
948 4548 1044 4626 abiit,
1076 4552 1111 4612 ul
1135 4547 1256 4613 Paulus
1283 4550 1417 4629 peracto
1439 4546 1555 4612 itinere
1579 4553 1668 4612 recte
1693 4546 1829 4635 diceret,
1881 4604 1888 4615 .

409 4649 560 4716 relictum
588 4657 714 4714 essent
740 4653 900 4716 mansisse
914 4650 1039 4727 Mileti,
1072 4669 1139 4732 quo
1165 4652 1317 4731 aegrotus
1347 4652 1559 4731 pervenisset
1612 4649 1685 4715 Non
1708 4654 1821 4714 tamen
