4350 5586
1084 505 1123 570 ³1

377 693 550 778 opiniones
577 705 648 765 esse
674 686 858 752 reserenda.
909 682 1008 765 Quod
1028 687 1138 749 autem
1164 699 1208 748 cx
1228 682 1253 747 l.
1279 681 1360 749 Tim.
1386 682 1410 757 l.
1435 675 1484 750 20
1510 683 1685 761 concludit,
1711 698 1785 749 om·

376 815 434 862 nes
461 794 614 879 epistolas
639 791 819 874 pastorales
841 804 912 854 esse
936 786 1121 870 suppositas
1144 785 1347 867 alteramque
1373 803 1416 852 ex
1437 788 1539 852 altera
1563 787 1786 870 compilatam,

376 918 419 964 ex
451 896 679 979 sequentibus,
715 910 798 975 quae
830 890 908 956 satis
940 896 975 954 ul
1005 906 1104 971 spero
1129 888 1330 954 authentiam
1356 889 1394 954 ll.
1419 889 1500 955 Tim.
1527 892 1558 953 et
1583 891 1643 955 Tit.
1671 889 1785 954 delen·

376 1003 464 1078 dont,
488 1000 606 1065 falsum
633 1013 705 1061 esse
730 993 909 1077 apparebit
960 991 1070 1058 Nesus
1097 991 1237 1072 denique
1257 992 1502 1068 sententiarum,
1525 1010 1622 1074 quem
1646 992 1734 1058 Banr
1751 994 1785 1057 in

376 1103 514 1186 epistola
534 1099 699 1165 invenisse
723 1098 786 1162 sibi
812 1097 900 1161 visus
927 1099 985 1172 est,
1011 1094 1114 1174 magis
1138 1110 1212 1158 cum
1237 1110 1332 1158 more
1358 1099 1390 1158 et
1411 1095 1583 1179 cupidine,
1606 1113 1672 1177 quo
1697 1095 1785 1160 Bnur

376 1211 493 1270 cuncta
514 1200 693 1268 secundum
715 1200 824 1265 ideam
849 1200 960 1264 animo
983 1198 1128 1263 innatam
1154 1200 1344 1262 construere
1369 1198 1474 1273 solet,
1506 1214 1603 1280 quarn
1631 1215 1705 1263 cum
1729 1215 1787 1263 ve·

375 1309 471 1373 ritate
496 1303 686 1370 consentire.
700 1303 781 1368 mibi
807 1300 953 1375 videtur;
988 1316 1064 1365 nam
1089 1303 1127 1364 ut
1151 1316 1252 1364 uuum
1279 1303 1403 1364 tantum
1430 1299 1576 1374 aderam,
1602 1301 1629 1363 si
1647 1301 1788 1383 scriptor

375 1411 431 1475 illa
465 1409 539 1473 iden
562 1406 676 1472 ductus
701 1405 872 1488 epistolam
898 1418 1015 1468 revera
1040 1387 1261 1484 concepisset,
1297 1402 1388 1467 nullo
1415 1402 1516 1467 modo
1546 1403 1681 1467 divitum
1714 1409 1788 1485 post

376 1528 490 1578 servos
515 1510 715 1575 mentionem
740 1507 887 1584 iecisset,
922 1522 983 1568 nec
1009 1505 1050 1570 de
1074 1504 1261 1570 bominibus
1287 1503 1432 1569 diversas
1458 1511 1580 1570 aetates
1607 1506 1787 1586 agentibus,

377 1611 466 1698 quod
487 1612 558 1678 sine
591 1612 693 1676 dnbio
719 1609 865 1676 conditio
895 1608 927 1673 in
956 1608 1145 1673 universum
1175 1608 1319 1676 humana
1345 1613 1393 1672 est
1416 1612 1447 1673 et
1471 1608 1651 1673 secundnm
1675 1609 1788 1674 Baurii

376 1716 569 1783 sententiam
603 1713 748 1779 secundo
780 1712 886 1794 capite
916 1711 1120 1775 tractandum
1154 1711 1231 1787 init,
1267 1709 1380 1789 quinto
1405 1710 1536 1775 demum
1560 1713 1665 1793 capite
1686 1713 1789 1777 verba

377 1820 515 1886 lecisset
566 1816 675 1897 Quum
697 1816 795 1897 igitur
820 1832 881 1878 nec
901 1813 1055 1879 baeretici
1078 1831 1140 1878 nec
1163 1817 1409 1893 argumentum,
1439 1831 1501 1879 nec
1526 1831 1630 1878 noxiis
1656 1821 1789 1879 senlen-

376 1925 512 1999 tiarnm,
541 1937 623 2002 quos
654 1920 740 1986 Baur
765 1919 798 1983 in
825 1917 964 1999 epistola
988 1917 1152 1981 invenisse
1178 1914 1241 1980 sibi
1266 1915 1354 1981 visus
1382 1923 1447 1993 est,
1480 1934 1596 1981 revera
1623 1917 1667 1981 ibi
1693 1919 1788 1982 inve·

377 2028 526 2100 niantnr,
563 2023 661 2088 etiam
694 2023 874 2098 rationem,
908 2037 974 2100 qua
1005 2020 1177 2102 epistolam
1204 2023 1310 2082 ortam
1335 2036 1407 2084 esse
1437 2024 1547 2101 putat,
1579 2037 1691 2083 veram
1716 2038 1789 2085 esse

377 2126 561 2210 negandum
599 2129 663 2203 est,
700 2129 732 2188 et
764 2122 913 2206 quamvis
939 2123 1178 2205 speciosissime
1206 2126 1238 2186 et
1263 2121 1448 2187 acutissime
1474 2139 1568 2187 suam
1594 2112 1787 2187 sententiam

378 2228 655 2306 commendaverit
677 2232 709 2294 ct
729 2228 925 2292 oonllrmare
946 2224 1122 2304 studuerit,
1157 2223 1223 2289 alio
1249 2227 1357 2289 tamen
1383 2225 1483 2290 modo
1506 2226 1664 2308 epistolae
1693 2227 1787 2307 origo

378 2330 573 2417 explicanda
593 2335 651 2408 est,
675 2331 702 2395 si
728 2330 832 2396 Paulo
856 2345 972 2393 revera
998 2331 1046 2392 est
1071 2326 1299 2410 abjudicanda.

491 2432 556 2500 Sed
582 2429 770 2516 quanquam
798 2433 884 2497 bano
905 2430 1016 2496 Baurii
1039 2429 1232 2497 sententiam
1260 2430 1356 2510 plane
1383 2429 1552 2511 improbo,
1592 2433 1701 2495 tameo
1726 2446 1788 2493 nec

379 2538 412 2601 in
438 2536 634 2614 contrarias,
675 2552 755 2618 quas
781 2534 894 2600 Sobott
927 2535 1047 2615 aliique
1079 2537 1190 2599 tenent
1224 2538 1333 2615 partes
1364 2531 1413 2595 irc
1446 2549 1590 2614 possum.
1641 2533 1789 2597 Primum

379 2640 467 2704 enim
493 2640 578 2704 mira
599 2644 698 2720 atque
723 2638 920 2703 incredibilis
946 2636 1075 2701 videtur
1098 2635 1194 2711 ratio,
1217 2654 1283 2718 qua
1308 2633 1421 2700 Schott
1444 2634 1601 2716 epistolae
1628 2635 1790 2717 originem

380 2743 540 2826 explicam
575 2759 650 2806 nam
675 2741 702 2806 si
725 2742 829 2806 Paulo
851 2746 977 2822 tempus
1004 2743 1098 2814 esset,
1121 2737 1298 2821 discipulo,
1326 2755 1410 2819 quae
1433 2737 1607 2814 scriberet,
1631 2738 1789 2803 mandare

377 2850 409 2909 et
433 2862 601 2928 exponere
626 2849 717 2909 certo
740 2845 837 2910 etiam
863 2845 941 2910 satis
966 2843 1123 2925 temporis
1145 2841 1275 2918 babuit,
1298 2845 1350 2918 ut,
1375 2840 1463 2920 quod
1489 2840 1625 2916 solebat,
1653 2841 1789 2907 dictaret

377 2948 571 3029 epistolam;
595 2952 770 3029 utrumque
795 2946 912 3012 eodem
937 2947 1005 3027 lere
1029 2950 1177 3027 tempore
1204 2944 1275 3008 lieri
1298 2942 1413 3025 potuit
1464 2941 1591 3008 Deinde
1610 2961 1689 3008 vero
1706 2961 1788 3009 con-

309 3108 310 3118 .
376 3049 493 3116 cedere
516 3068 671 3133 nequeo,
687 3067 810 3115 nexum
834 3049 1068 3115 sententiarum
1088 3047 1210 3129 ubique
1234 3046 1330 3112 facile
1351 3044 1508 3123 inveniri,
1535 3050 1567 3111 et
1592 3046 1691 3110 finem
1718 3047 1789 3130 cpi·

377 3154 480 3221 stolae
506 3153 678 3236 perspicue
703 3154 747 3219 ob
774 3154 888 3219 oeulos
914 3152 1055 3235 positum
1080 3169 1163 3229 esse,
1189 3153 1221 3214 et
1245 3150 1346 3214 falsos
1372 3147 1523 3213 doctores
1547 3150 1634 3213 clarc
1657 3154 1788 3214 notatos

378 3273 469 3333 csse,
502 3261 535 3320 et
557 3261 691 3338 propter
717 3257 819 3321 mulla
844 3255 1071 3321 familiaritatis
1092 3254 1186 3334 signa
1212 3251 1384 3334 epistolam
1409 3250 1603 3316 familiarem
1630 3269 1701 3317 esse
1726 3270 1789 3334 pu·

377 3359 527 3432 tandam;
567 3363 664 3440 atque
690 3359 718 3422 si
742 3359 875 3440 largior,
894 3359 1069 3423 sententias
1096 3356 1136 3421 de
1162 3357 1233 3435 lege
1259 3354 1414 3432 mosaica,
1447 3359 1478 3416 et
1504 3354 1544 3417 de
1571 3352 1700 3420 Christo
1722 3379 1789 3443 με.

377 3453 478 3541 airas
508 3463 679 3527 nominato
707 3479 774 3525 non
806 3462 902 3544 plane
937 3460 1105 3525 doctrinae
1135 3458 1288 3540 paulinae
1320 3455 1565 3535 contradicere,
1601 3457 1788 3541 similesque

377 3581 490 3629 carum
517 3563 549 3627 iu
576 3565 647 3629 aliis
669 3563 761 3629 Pauli
787 3564 932 3647 epistolis
956 3562 1104 3644 reperiri,
1140 3567 1249 3625 tamen
1272 3576 1393 3641 negare
1419 3576 1487 3623 non
1512 3577 1665 3641 possum,
1695 3567 1727 3625 et
1755 3561 1789 3625 in

376 3665 536 3731 sententia
562 3667 603 3732 de
631 3667 703 3748 lege
729 3668 873 3732 mosaica
899 3672 931 3732 et
956 3665 1100 3730 maxime
1125 3665 1159 3728 in
1183 3663 1344 3728 sententia
1374 3661 1415 3726 de
1441 3661 1570 3727 leminis
1594 3663 1700 3728 inesse
1727 3662 1788 3727 ali·

377 3769 465 3849 quid,
491 3769 581 3851 quod
604 3770 690 3853 apud
716 3770 855 3835 Paulum
880 3769 961 3833 alias
984 3785 1052 3833 non
1079 3767 1271 3842 inveniatur,
1298 3765 1489 3847 praesertim
1510 3781 1609 3847 quum
1630 3770 1789 3847 reputem,

376 3872 429 3951 agi
458 3872 491 3936 in
515 3872 573 3936 illo
598 3872 674 3938 loco
700 3890 768 3937 non
794 3872 835 3937 de
861 3869 1050 3937 Christianis
1078 3869 1134 3951 qui
1159 3875 1285 3933 rectum
1310 3867 1390 3946 legis
1416 3884 1511 3931 usum
1537 3874 1711 3933 noverunt·
1731 3867 1789 3933 sed

377 3972 418 4037 de
439 3973 592 4053 Jndneis,
631 3975 686 4058 qui
719 3975 824 4056 legem
851 3973 1031 4040 mosaicam
1059 3973 1158 4037 etiam
1189 3969 1380 4037 Christianis
1406 3969 1577 4051 injungere
1601 3972 1788 4047 voluerunt,

376 4077 486 4156 itaque
516 4078 693 4159 primariae
728 4078 821 4142 Pauli
855 4077 896 4142 de
928 4076 1087 4157 religione
1121 4073 1298 4139 christiana
1327 4072 1508 4139 sententiae
1539 4073 1718 4138 adversarii
1755 4080 1787 4138 ot

375 4174 497 4243 inimici
528 4178 669 4259 luerunt,
702 4185 734 4243 et
763 4181 949 4262 apostolum
981 4179 1006 4243 l.
1040 4176 1114 4244 Cor.
1141 4176 1205 4253 vll,
1235 4166 1283 4240 25
1310 4175 1407 4256 plane
1441 4177 1639 4240 contrariam
1666 4176 1706 4241 de
1732 4174 1784 4240 ie·

376 4281 472 4345 minis
498 4281 609 4348 tulisse
630 4283 833 4353 sententiam.
857 4281 1227 4361 breviigiturtempore
1244 4277 1417 4343 decadem
1436 4296 1473 4344 re
1493 4278 1670 4344 sententias
1689 4279 1789 4362 plane

375 4383 557 4450 conbarias
590 4384 723 4457 dixisse.
781 4385 834 4451 Sic
862 4389 894 4449 at
919 4383 1014 4450 Rom.
1040 4384 1078 4459 V,
1105 4373 1150 4448 12
1178 4399 1251 4448 cum
1278 4380 1303 4445 l.
1328 4380 1410 4446 Tim.
1430 4381 1477 4459 ll,
1511 4374 1556 4447 13
1586 4387 1698 4463 aperte
1725 4399 1788 4463 pn·

375 4491 462 4568 gnat
520 4484 632 4566 Neque
658 4490 723 4553 boc
748 4487 929 4554 concedere
955 4503 1109 4569 possum,
1143 4485 1177 4550 in
1205 4484 1343 4567 epistola
1375 4489 1488 4549 nostra
1514 4501 1567 4549 res
1588 4485 1686 4566 plane
1713 4501 1787 4550 eas·
1863 4553 1868 4564 ,

375 4589 448 4654 nem
474 4593 571 4670 atque
597 4588 631 4652 in
656 4589 695 4655 ll.
721 4590 804 4655 Tim.
827 4596 858 4657 ct
881 4590 941 4656 Tit.
965 4589 1106 4672 exponi,
1139 4588 1198 4653 sed
1230 4586 1339 4652 multis
1372 4586 1454 4652 locis
1487 4589 1636 4668 quamtis
1670 4587 1786 4652 eadem

373 4692 484 4771 verbe,
509 4695 619 4757 tamen
643 4691 829 4760 immutatas
853 4692 1029 4760 sententias
1054 4691 1165 4774 refert,
1190 4693 1222 4758 ct
1247 4692 1357 4758 locum
1376 4689 1401 4760 l.
1429 4690 1510 4757 Tim.
1526 4691 1551 4769 l,
1570 4681 1618 4756 20
1634 4689 1784 4772 equidem
