4350 5586
1063 564 1102 626 51

378 738 433 827 J‘o'r
459 761 574 810 eorum
601 748 671 808 erat
695 741 833 823 dignitas
860 741 1119 823 auctoritasque,
1144 746 1180 806 ut
1201 742 1271 825 jam
1297 743 1446 808 homines
1472 747 1709 828 reperirentur,
1736 749 1790 828 qui

380 866 455 915 eam
481 848 652 922 ambirent,
678 849 710 909 et
736 861 836 926 quum
862 845 1001 925 negotiis
1028 843 1186 923 docendi,
1220 847 1450 911 commonendi
1474 857 1506 912 et
1531 848 1664 930 regendi
1685 849 1791 932 impe-

380 951 535 1028 direntur,
564 949 737 1030 quominus
760 949 880 1010 victum
904 947 968 1010 sibi
994 947 1056 1028 ipsi
1082 956 1322 1030 compararent,
1346 966 1480 1013 necesse
1505 950 1565 1015 init
1590 968 1648 1016 eos
1674 951 1790 1018 donari

379 1052 559 1136 stipendio,
591 1057 626 1116 ut
649 1051 758 1114 vivere
783 1055 932 1131 possent;
973 1066 1073 1131 porro
1099 1051 1207 1132 major
1231 1051 1339 1116 honor
1361 1050 1581 1134 dignitasque,
1608 1072 1674 1136 qno
1701 1055 1791 1120 irue-

379 1157 507 1235 hantur,
530 1155 625 1220 simul
653 1154 692 1217 iis
715 1138 898 1233 imperavit,¹
920 1158 955 1215 ut
976 1152 1102 1234 majore
1124 1153 1251 1217 honore
1274 1161 1306 1218 et
1325 1153 1490 1234 dignitate,
1514 1156 1628 1237 dignos
1645 1174 1681 1221 se
1694 1177 1791 1240 prae·

378 1259 515 1333 herent;
549 1274 649 1338 quum
683 1260 792 1319 autem
819 1260 896 1320 tunc
922 1271 982 1336 pro
1010 1255 1155 1319 maximo
1180 1254 1377 1321 documento
1402 1259 1579 1323 sanctitatis
1606 1259 1790 1341 haberetur,

378 1361 405 1425 si
432 1361 504 1443 quis
530 1358 680 1423 secundis
706 1357 826 1440 nuptiis
853 1355 1045 1435 abstinebat,
1075 1361 1260 1424 necessario
1288 1360 1468 1442 presbyteri
1490 1362 1573 1425 sicut
1597 1378 1712 1429 omnes
1735 1382 1790 1428 ec-

379 1465 498 1529 clesiae
523 1463 730 1542 magistratus
756 1462 819 1524 hoc
844 1461 1022 1524 sanctitatis
1050 1459 1248 1526 documento
1275 1480 1395 1527 ornare
1419 1479 1455 1526 se
1479 1462 1671 1529 debuerunt.
1721 1470 1789 1531 hu-

376 1572 462 1630 ctam
486 1565 643 1630 ecclesiae
670 1562 909 1627 multitudinem
935 1568 1152 1644 coeptumque
1176 1564 1313 1629 lormari
1338 1564 1460 1629 clerum
1487 1568 1586 1631 etiam
1600 1566 1721 1632 indicat
1736 1569 1790 1634 lex

376 1687 462 1751 quae
488 1667 678 1732 diaconissis
703 1666 770 1730 lata
795 1670 852 1741 est,
879 1669 1036 1748 utsupra
1057 1666 1127 1747 jam
1153 1669 1284 1744 monui,
1311 1672 1342 1732 et
1368 1674 1542 1750 praecepta
1568 1670 1608 1734 de
1631 1671 1791 1751 reeipien-

377 1772 425 1836 dis
452 1773 485 1836 in
510 1771 682 1835 ecclesiam
705 1785 886 1848 eorumque
910 1767 973 1832 lide
1000 1769 1208 1834 confessione
1241 1770 1422 1851 probanda.
1482 1771 1515 1836 Si
1551 1774 1622 1837 talis
1658 1775 1789 1854 quando

376 1879 447 1940 erat
471 1873 616 1937 conditio
644 1879 675 1936 et
700 1877 802 1936 status
831 1871 987 1936 eeclesiae
1011 1873 1164 1953 ephesiae
1190 1876 1222 1937 et
1248 1874 1385 1938 aliarum
1424 1908 1468 1919 -
1504 1880 1535 1939 et
1557 1877 1656 1940 talem
1690 1877 1790 1941 luisse

376 1979 408 2040 in
444 1977 510 2040 hae
544 1975 639 2059 primi
671 1975 793 2038 saeculi
828 1980 962 2055 propter
997 1976 1168 2039 celerrime
1189 1980 1229 2040 ’et
1260 1976 1450 2040 incredibile
1484 1977 1517 2039 in
1547 1979 1625 2042 haia
1661 1986 1788 2044 auctam

376 2078 639 2144 Christianorum
664 2076 927 2151 multitudinem,
963 2094 1062 2157 quam
1088 2076 1212 2142 Plinius
1238 2078 1271 2141 in
1299 2079 1511 2143 celeberrima
1546 2081 1587 2143 ad
1614 2081 1789 2162 Traianum

375 2182 452 2246 data
478 2183 617 2264 epistola
640 2186 786 2256 testatur,
813 2195 946 2260 prorsus
966 2180 1141 2244 verisimile
1168 2186 1216 2244 est
1236 2216 1280 2227 —
1310 2183 1337 2246 si
1356 2187 1464 2246 autem
1483 2199 1598 2247 omnes
1614 2183 1648 2246 hi
1669 2202 1789 2259 mores,

375 2286 464 2366 leges
499 2288 530 2349 et
564 2285 710 2348 instituta
747 2283 997 2364 postulabantur
1028 2285 1131 2363 magis
1167 2289 1199 2347 et
1228 2284 1413 2348 necessaria
1439 2286 1654 2366 putabantur,
1691 2304 1789 2367 quam

375 2387 610 2452 consuetudine
635 2392 667 2450 et
692 2386 818 2465 legibus
845 2385 1018 2450 constituta
1040 2392 1072 2449 et
1097 2388 1222 2451 sancita
1243 2392 1351 2464 erant,
1377 2387 1530 2451 facillime
1555 2389 1671 2468 aliquis
1697 2388 1789 2454 Pauli

376 2490 552 2573 discipulus
580 2495 637 2555 aut
662 2489 747 2552 alius
774 2489 976 2553 commoveri
1002 2489 1116 2568 potnit,
1143 2494 1178 2553 ut
1203 2489 1285 2553 haec
1302 2489 1463 2554 desideria
1481 2492 1638 2555 ecclesiae
1656 2494 1789 2574 explere

376 2597 408 2658 et
433 2611 474 2657 eo
502 2592 603 2657 modo
630 2591 762 2656 lirmare
785 2591 958 2656 ecclesiam
978 2593 1159 2672 meliusque
1179 2595 1374 2656 constituere
1393 2598 1527 2674 cuperet
1549 2599 1581 2657 et
1604 2601 1789 2660 conaretur.

375 2694 447 2761 iloc
472 2700 582 2761 autem
607 2695 697 2758 nullo
722 2694 824 2758 modo
850 2694 977 2758 facilius
1004 2695 1133 2775 assequi
1159 2695 1281 2775 potnit,
1317 2714 1414 2776 quam
1442 2702 1477 2759 ut
1503 2697 1673 2777 epistolam
1697 2698 1790 2763 Pauli

376 2799 509 2864 nomine
535 2798 723 2879 inscriptam
745 2796 873 2874 ederet,
909 2797 942 2861 in
967 2814 1033 2876 qua
1061 2797 1174 2862 omnia
1204 2815 1288 2878 quae
1314 2804 1382 2862 tum
1409 2799 1567 2863 ecclesiae
1592 2800 1736 2865 conditio
1759 2807 1790 2865 et

376 2901 547 2983 persuasio
574 2906 609 2965 ut
635 2901 820 2965 necessaria
845 2899 1051 2981 postulabat,
1090 2904 1126 2962 ut
1152 2905 1325 2983 praecepta
1358 2908 1390 2966 et
1422 2901 1622 2984 praescripta
1648 2905 1789 2984 apostoli

376 3005 477 3086 ipsius
508 3005 772 3078 continerentur;
807 3002 903 3084 hujus
930 3002 1016 3066 enim
1042 3003 1235 3066 auctoritate
1258 3021 1372 3069 omnes
1399 3006 1508 3069 statim
1530 3003 1647 3068 adduci
1672 3011 1790 3087 potue-

377 3112 461 3184 runt,
485 3111 521 3170 ut
545 3107 700 3182 lacerent,
726 3123 811 3187 quae
829 3104 997 3187 apostolus
1022 3105 1093 3186 ipse
1118 3104 1292 3172 mandasse
1316 3110 1348 3170 et
1372 3125 1456 3188 quae
1474 3107 1630 3172 ecclesiae
1645 3109 1788 3173 maxime

375 3209 467 3274 utilia
491 3215 523 3273 et
549 3208 734 3274 necessaria
751 3225 832 3301 ¹esse
856 3207 1058 3285 videbantur,
1084 3213 1181 3289 atque
1208 3208 1248 3273 ad
1274 3210 1338 3273 hoc
1362 3210 1594 3291 perficiendum
1616 3210 1696 3274 nihil
1718 3229 1789 3276 am-

376 3312 460 3394 plius
487 3312 673 3377 laciendum
698 3317 786 3388 erat,
828 3327 926 3392 quam
952 3315 987 3374 nt
1016 3311 1070 3393 pia
1094 3312 1183 3374 fraus
1210 3311 1434 3389 adhiberetur,
1469 3331 1511 3378 eo
1537 3319 1686 3394 tempore
1711 3316 1788 3378 satis

375 3415 493 3481 usitata
520 3421 552 3480 et
579 3432 638 3496 pro
669 3414 755 3478 licita
781 3413 892 3479 hahita
919 3418 951 3477 et
976 3413 1029 3476 hic
1052 3415 1178 3496 optimo
1204 3421 1291 3479 certe
1313 3416 1452 3479 consilio
1479 3420 1510 3480 et
1535 3418 1644 3479 mente
1670 3434 1788 3499 perpe-

376 3519 471 3582 trata.
522 3517 579 3581 ilis
614 3517 712 3597 igitur
744 3517 925 3581 rationibus
958 3513 1072 3580 ductus
1105 3519 1244 3599 scriptor
1269 3519 1293 3583 l.
1320 3518 1412 3595 Tim,
1443 3520 1498 3600 qui
1525 3517 1663 3583 tortasse
1690 3520 1787 3584 etiam

376 3635 452 3684 cum
476 3620 579 3686 Paulo
605 3619 844 3700 Timotheoque
870 3617 1012 3684 amicitia
1033 3618 1165 3700 junctus
1190 3620 1290 3685 inisse
1313 3625 1459 3702 poterat,
1496 3626 1642 3686 nostram
1664 3623 1788 3703 episto-

377 3722 442 3787 lam
476 3723 661 3806 composuit
696 3722 844 3803 editque,
883 3725 918 3785 ut
943 3722 1115 3786 ecclesiam
1144 3720 1186 3786 ad
1208 3741 1258 3802 ea,
1284 3742 1369 3805 quae
1394 3730 1462 3787 tum
1487 3724 1671 3789 necessaria
1696 3724 1788 3789 vide-

376 3826 496 3890 bantur
521 3824 725 3908 assequenda
752 3825 923 3906 adJ‘uraret
948 3827 980 3887 et
1003 3825 1090 3902 vitia,
1118 3841 1202 3905 quae
1228 3826 1368 3890 tortasse
1394 3828 1570 3891 commissa
1588 3828 1689 3901 erant,
1715 3829 1788 3892 ani-

376 3927 593 3994 madverteret
625 3929 880 4010 corrigeretqne.
942 3924 1006 3990 Sed
1033 3945 1099 4008 quo
1131 3928 1234 4009 magis
1263 3935 1295 3993 et
1317 3947 1384 4010 quo
1410 3928 1536 3993 fidelius
1563 3929 1703 4010 apostoli
1729 3948 1788 3995 ve·

377 4030 471 4110 stipia
496 4037 707 4114 sequeretur,
745 4031 888 4111 reliquas
915 4029 1069 4110 epistolas
1095 4031 1276 4112 pastorales
1303 4037 1335 4095 et
1359 4033 1504 4096 maxime
1529 4031 1569 4095 ad
1595 4031 1701 4095 Titum
1727 4030 1788 4097 sihi

376 4132 565 4198 imitandam
586 4135 759 4216 proposuit
784 4139 816 4196 et
842 4148 926 4214 quae
950 4131 995 4196 ihi
1021 4134 1171 4216 exposita
1192 4137 1286 4197 erant
1315 4136 1413 4199 etiam
1439 4136 1472 4198 in
1494 4151 1554 4199 sua
1580 4137 1788 4214 pertractavit

375 4237 517 4316 suisque,
543 4236 599 4300 uhi
624 4253 760 4302 necesse
786 4250 857 4300 esse
883 4233 1063 4314 videbatur,
1082 4235 1308 4301 additamentis
1334 4233 1426 4301 au'xit
1448 4242 1479 4301 et
1502 4237 1592 4300 bisce
1614 4254 1674 4301 sua
1691 4255 1787 4318 prae·

375 4342 470 4421 cepta
500 4339 723 4405 intermiscuit.
782 4337 815 4403 Si
841 4336 898 4402 tali
923 4338 1024 4402 modo
1051 4345 1157 4403 ortam
1184 4340 1356 4421 epistolam
1380 4356 1452 4403 esse
1479 4345 1647 4420 putamus,
1679 4339 1785 4412 lacile.

375 4445 411 4505 ut
434 4440 513 4504 mihi
542 4440 673 4522 quidem
700 4440 845 4516 videtur,
880 4440 992 4505 omnia
1022 4443 1289 4522 explicabuntur,
1324 4443 1441 4523 quihus
1467 4443 1528 4505 viri
1556 4442 1643 4506 docti
1667 4441 1786 4507 oilenst

374 4546 458 4608 sunt
508 4541 592 4610 Nam
619 4560 720 4625 quum
746 4548 861 4607 auctor
884 4544 1042 4625 epistolae
1061 4547 1160 4609 vitam
1187 4560 1360 4625 moresque
1377 4544 1469 4609 Pauli
1495 4550 1527 4608 et
1543 4544 1704 4609 Timothei
1727 4562 1784 4609 seu

374 4644 515 4712 amicitia
536 4663 594 4711 seo
621 4644 796 4711 traditione
818 4646 979 4726 novisset,
1001 4649 1078 4712 satis
1104 4648 1258 4725 feliciter,
1287 4653 1448 4730 utsupra
1483 4654 1698 4712 monstratum
1726 4651 1784 4721 est,

287 4740 291 4747 ”
374 4755 502 4840 tempus
528 4750 634 4831 elegit,
660 4765 728 4830 quo
753 4746 892 4831 epistola
916 4750 1035 4832 scripta
1061 4767 1133 4816 esse
1160 4750 1302 4832 putanda
1324 4756 1409 4816 esset
1434 4754 1466 4815 et
1491 4751 1568 4816 satis
1593 4750 1729 4814 feliciter
1751 4748 1783 4812 in
