4350 5586
1068 541 1108 603 ir

387 721 493 787 Pauio
515 722 600 787 banc
622 720 808 785 adscribere
836 719 940 799 iegem
963 719 1205 802 propemodum
1229 723 1347 785 vetent.
1398 720 1478 786 Nam
1506 723 1533 786 si
1551 722 1808 803 consideramus,

296 827 297 831 ’
389 823 558 906 quomodo
582 823 704 888 Paulus
730 822 833 903 egerit
855 822 888 884 in
915 821 1090 887 fundandis
1117 827 1149 887 ct
1173 822 1407 888 constituendis
1431 826 1587 902 eeclesiis,
1611 827 1682 891 sine
1705 827 1807 893 dubio

388 926 633 992 concedendum
662 926 738 1004 erit,
779 942 855 989 eum
884 925 1141 1007 uniuscujusque
1176 927 1261 992 vires
1293 931 1326 991 et
1350 927 1519 993 facultates
1545 929 1684 994 libenter
1709 948 1806 996 acce-

387 1031 473 1112 pisse
500 1031 579 1111 quin
606 1030 704 1095 etiam
730 1029 910 1101 excitasse,
950 1029 1005 1109 qui
1029 1029 1189 1093 ecciesiae
1212 1031 1338 1095 servire
1365 1031 1505 1108 volebat,
1541 1031 1722 1115 seduloque
1749 1053 1806 1100 ca·

386 1132 491 1209 visse,
526 1149 567 1197 ne
595 1150 693 1214 quem
719 1131 760 1195 ab
787 1131 851 1194 boc
877 1147 1014 1195 munere
1041 1131 1240 1196 excluderet.
1297 1132 1366 1198 llac
1392 1151 1474 1198 vero
1501 1135 1628 1198 ratione
1654 1153 1805 1203 commo-

386 1236 509 1300 vendus
535 1239 615 1312 erat,
643 1233 834 1299 uenditum
860 1232 902 1297 ad
929 1233 1079 1299 ordinem
1106 1233 1384 1313 diaconissarum,
1411 1236 1569 1300 ecciesiae
1593 1253 1674 1301 sane
1699 1241 1804 1304 utitis·

383 1339 503 1403 simum
529 1354 710 1419 verumque
737 1336 806 1419 ejus
833 1335 951 1414 decus,
986 1336 1204 1402 diiiiciiiorem
1239 1337 1371 1403 iaceret.
1433 1338 1659 1404 Diiiiciiiorem
1693 1348 1803 1408 autem

383 1441 506 1506 aditum
532 1440 575 1506 ad
601 1440 752 1505 ordinem
772 1438 1031 1503 diaconissarum
1057 1440 1121 1505 bac
1147 1441 1219 1520 iege
1245 1441 1316 1504 tieri
1339 1448 1371 1504 et
1399 1458 1572 1506 numerum
1599 1460 1734 1523 earum,
1760 1462 1803 1510 ex

383 1562 450 1624 quo
473 1543 642 1624 eligendae
668 1542 798 1619 tuerint,
821 1542 942 1605 arctius
959 1543 1194 1620 circumscribi,
1216 1544 1327 1608 statim
1346 1549 1493 1626 apparet,
1520 1562 1619 1625 quum
1636 1549 1802 1627 praescri·

384 1648 456 1724 bat,
487 1653 523 1710 ut
556 1646 762 1710 diaconissae
794 1644 859 1708 sint
882 1642 1144 1730 {sexagenariam
1177 1646 1345 1711 beneticae
1384 1664 1462 1728 erga
1491 1664 1672 1729 pauperes,
1707 1651 1802 1715 unius

383 1755 506 1814 tantum
533 1750 594 1812 viri
621 1765 760 1824 uxores,
786 1747 979 1828 hospitates,
1006 1749 1115 1814 clarae
1141 1749 1236 1812 bonis
1263 1749 1437 1832 operibus,
1465 1753 1496 1812 et
1522 1768 1623 1832 quum
1650 1751 1815 1826 feminae,

382 1871 467 1933 quae
490 1853 573 1916 baec
599 1852 711 1915 omnia
733 1849 843 1914 oiiicia
855 1851 1089 1931 praestiterint,
1113 1868 1182 1915 non
1208 1851 1269 1916 nisi
1291 1868 1373 1919 ‘raro
1401 1856 1581 1916 sitantum
1607 1855 1692 1920 inter
1718 1856 1802 1920 divi-

382 1960 429 2019 tes
465 1955 604 2019 iuveniri
639 1953 815 2036 potuerint.
873 1953 993 2018 Multas
1020 1971 1101 2018 vero
1127 1954 1266 2019 feminas
1292 1961 1350 2020 aut
1374 1972 1536 2036 pauperes
1563 1962 1620 2020 aut
1641 1959 1802 2041 iuniores,
1876 1936 1879 1956 ¹

380 2075 465 2138 quae
507 2059 539 2122 in
584 2058 718 2138 reliquis
762 2055 901 2119 sortasse
939 2058 1126 2139 aptissimae
1160 2063 1269 2122 essent
1300 2058 1343 2124 ad
1382 2057 1493 2123 oiiicia
1529 2058 1800 2136 diaconissarum,

381 2160 422 2223 ab
450 2159 539 2224 aditu
565 2160 598 2223 in
624 2161 713 2224 bunc
738 2158 888 2223 ordinem
913 2159 1135 2240 probibeudas
1160 2160 1276 2237 tuisse,
1310 2161 1406 2226 iaciie
1436 2161 1645 2241 inteliigitur,
1682 2170 1713 2227 et
1739 2165 1801 2228 bac

382 2263 422 2326 de
445 2280 545 2327 causa
570 2279 651 2327 sane
674 2260 888 2327 dubitandum
915 2269 981 2341 est,
1005 2280 1083 2328 num
1108 2263 1228 2328 Paulus
1255 2265 1340 2330 banc
1366 2265 1471 2344 iegem
1497 2265 1616 2330 tulerit.
1667 2269 1801 2331 Accedit

380 2366 490 2442 etiam,
516 2365 604 2447 quod
630 2383 697 2431 non
724 2367 842 2439 solum,
867 2365 931 2429 bac
952 2368 1023 2448 iege
1049 2367 1234 2443 constituta,
1261 2368 1397 2433 nimium
1421 2385 1545 2449 paucae
1568 2368 1710 2435 feminae
1727 2388 1801 2435 mu-

380 2470 468 2534 neris
490 2467 750 2534 diaconissarum
780 2467 954 2550 participes
982 2469 1054 2533 fieri
1084 2470 1267 2552 potuerint,
1302 2470 1361 2536 sed
1387 2470 1487 2535 etiam
1512 2488 1581 2535 non
1611 2473 1800 2553 aptissimae

382 2571 424 2636 ad
454 2572 488 2636 id
519 2589 639 2637 munus
665 2570 907 2652 suscipiendum
931 2574 1067 2655 ejusque
1096 2572 1228 2637 iabores
1254 2572 1325 2638 sine
1352 2572 1453 2639 dubio
1479 2591 1579 2654 saepe
1602 2592 1800 2658 permagnos

380 2674 580 2740 tolerandos.
631 2673 715 2740 Nam
741 2674 774 2736 in
801 2674 991 2739 universum
1016 2674 1148 2757 quidem
1174 2680 1299 2740 certum
1326 2681 1384 2753 est,
1410 2693 1572 2758 pauperes
1584 2677 1801 2760 junioresque

382 2777 520 2843 seminas
546 2778 589 2842 ad
615 2777 779 2843 curandos
802 2781 956 2857 aegrotos
990 2782 1022 2841 et
1050 2779 1194 2860 aptiores
1228 2783 1260 2842 et
1289 2779 1471 2862 paratiores
1498 2795 1569 2844 esse
1596 2798 1694 2861 quam
1716 2782 1801 2845 divi-

382 2887 449 2957 tes,
481 2881 548 2945 vita
580 2881 653 2962 ipsa
684 2881 791 2944 minus
817 2879 860 2944 ad
883 2881 1015 2947 iabores
1041 2886 1073 2945 et
1096 2881 1340 2947 lucubrationes
1367 2881 1585 2959 assuefactae,
1619 2889 1717 2966 atque
1744 2885 1799 2948 rix

359 2982 470 3070 credi
497 2987 615 3065 potest,
641 3001 755 3048 amore
782 3000 913 3049 summo
939 2984 1087 3063 iratrum,
1112 3003 1178 3068 quo
1204 2984 1275 3049 sine
1300 2985 1402 3050 dubio
1428 2986 1526 3068 primi
1552 2986 1717 3051 christiani
1739 2988 1800 3051 iia-

262 3088 263 3091 ’
381 3089 581 3167 uraverunt,
622 3087 687 3152 boc
722 3085 897 3152 discrimen
923 3087 1008 3151 inter
1031 3104 1193 3171 pauperes
1219 3085 1401 3171 divitesque
1427 3106 1562 3172 prorsus
1589 3106 1661 3154 csse
1686 3089 1798 3154 subia-

381 3195 450 3255 tum
477 3195 510 3254 et
535 3189 688 3254 deletum.
739 3189 853 3272 ltaque
878 3190 1000 3255 Paulus
1025 3209 1093 3256 non
1118 3192 1234 3256 scium,
1254 3192 1383 3267 muitas,
1408 3191 1466 3255 sed
1494 3193 1591 3256 etiam
1614 3191 1798 3274 aptissimas

308 3376 311 3381 ,
381 3311 401 3357 a
427 3309 564 3357 munere
589 3290 849 3358 diaconissarum
875 3293 1112 3376 prohibuisset,
1147 3298 1179 3358 et
1205 3294 1269 3357 boc
1300 3298 1332 3357 et
1357 3294 1500 3359 iibertati
1524 3295 1683 3360 ecciesiae
1715 3313 1798 3377 apo·

380 3395 515 3461 stoiicae
541 3398 574 3459 et
600 3396 780 3479 sapientiae
806 3401 839 3461 et
862 3396 971 3461 studio
996 3396 1155 3478 apostoli,
1177 3412 1243 3481 quo
1269 3413 1384 3461 omnes
1400 3397 1434 3461 in
1452 3415 1548 3462 usum
1564 3398 1721 3462 ecciesiae
1738 3398 1798 3463 ad-

380 3498 494 3562 bibere
520 3497 633 3575 voluit,
656 3504 864 3581 repugnaret,
890 3505 988 3582 atque
1012 3500 1063 3564 bis
1089 3499 1129 3563 de
1153 3499 1260 3563 causis
1281 3500 1312 3565 ei
1338 3516 1405 3564 non
1430 3500 1635 3566 attribuenda
1661 3507 1709 3565 est
1733 3501 1796 3578 iex,
1861 3561 1865 3572 s

381 3618 466 3682 quae
492 3606 561 3665 tum
588 3600 720 3666 demum
745 3607 819 3667 orta
845 3618 916 3668 esse
942 3601 1080 3680 videtur,
1104 3602 1161 3667 ubi
1182 3602 1312 3684 piures,
1338 3620 1436 3683 quam
1461 3622 1544 3686 opus
1572 3604 1652 3682 iuit,
1678 3604 1711 3666 in
1739 3623 1797 3668 or·

379 3704 490 3769 dinem
511 3704 770 3776 diaconissarum
795 3705 897 3788 recipi
923 3706 1098 3782 uoluerunt
1122 3705 1265 3786 ideoque
1288 3722 1422 3770 necesse
1447 3706 1523 3785 tuit,
1548 3707 1636 3771 bunc
1660 3706 1796 3773 nimium

380 3806 532 3871 erdorem
563 3808 696 3888 reprimi
725 3807 815 3873 aditu
848 3807 890 3873 ad
916 3807 1067 3873 ordinem
1088 3807 1272 3872 diiiiciiiore
1304 3808 1402 3874 iacto.
1462 3810 1534 3875 Hoc
1560 3813 1669 3874 autem
1690 3808 1795 3876 Pauio

378 3910 519 3989 virente,
546 3910 684 3976 ecciesia
709 3911 843 3993 ephesia
870 3910 924 3976 rix
951 3917 1024 3977 orta
1049 3911 1290 3991 constitutaque
1324 3910 1489 3988 evenisse,
1523 3913 1657 3976 minime
1688 3915 1795 3979 credi-

378 4011 443 4076 biie
475 4016 542 4089 est,
581 4018 614 4078 at
640 4013 735 4079 iaciie
762 4013 834 4077 iieri
869 4015 994 4096 potuit,
1028 4030 1128 4095 quum
1154 4013 1188 4078 in
1208 4013 1314 4096 majus
1340 4018 1435 4078 aucta
1456 4016 1612 4093 ccclesia,
1645 4015 1795 4098 ordoque

377 4113 637 4180 diaconissarum
663 4117 724 4182 rite
751 4116 962 4195 constitutus,
988 4120 1020 4180 et
1046 4133 1164 4181 munus
1187 4115 1446 4182 diaconissarum
1473 4118 1581 4182 minus
1602 4117 1671 4198 jam
1699 4121 1794 4184 inau-

378 4217 480 4281 ditum
503 4222 599 4295 esset,
626 4225 723 4301 atque
749 4235 792 4283 cx
818 4219 971 4284 omnibus
993 4220 1044 4284 bis
1067 4219 1174 4284 causis
1199 4221 1320 4303 piures,
1347 4235 1446 4301 quam
1469 4237 1554 4302 opus
1573 4220 1642 4297 init,
1666 4220 1700 4284 in
1718 4240 1794 4287 eum

378 4319 479 4402 recipi
513 4320 643 4386 veilent.
710 4321 840 4403 Reiecta
867 4322 966 4403 igitur
994 4322 1105 4387 Baurii
1131 4323 1292 4388 sententia
1316 4322 1528 4387 nibilominus
1551 4324 1796 4389 assentiendum

377 4423 679 4488 Scbieiermacbero
705 4424 940 4503 videturesse,
974 4430 1005 4489 at
1028 4425 1114 4490 banc
1137 4426 1243 4506 legem
1265 4441 1334 4490 non
1355 4415 1449 4489 Pauli
1474 4424 1532 4491 sed
1556 4427 1682 4491 seriore
1709 4434 1793 4492 tem-

377 4543 459 4607 pore
478 4531 586 4591 ortam
610 4543 682 4591 esse
705 4526 895 4610 putandam,
922 4545 1053 4611 exque
1079 4528 1234 4609 sequitur,
1260 4528 1405 4610 priorem
1431 4526 1473 4593 ad
1487 4528 1694 4595 Timotheum
1721 4533 1796 4612 epi·

375 4628 494 4694 siniam
521 4646 589 4694 non
614 4629 707 4694 Pauli
733 4645 814 4695 esse.
863 4692 867 4699 .
