4350 5586
1098 509 1141 574 ³0

416 689 523 770 primo
545 684 747 749 accensenda
768 685 810 749 sit
834 702 894 760 ea,
929 701 1027 766 quam
1053 685 1141 751 Baur
1166 691 1312 764 tueatur,
1337 689 1502 767 secundo,
1527 707 1625 771 quam
1649 689 1826 769 Eichhorn,

415 788 529 855 Schott
562 794 593 851 et
623 804 738 853 omnes
775 787 933 868 epistolae
967 787 1156 854 defensores
1189 794 1384 870 sequantur,
1413 794 1509 857 tertio
1535 793 1694 875 denique,
1726 812 1824 876 quam

417 891 705 968 Schleiermacher,
726 890 767 953 de
790 889 910 966 Wette,
937 888 1091 970 Credner,
1117 891 1327 969 Neudeclser,
1355 895 1410 958 alii
1437 898 1679 977 proposuerint.
1731 895 1825 976 Quae

416 1013 516 1075 quum
543 994 658 1057 ordine
686 1010 783 1075 quem
808 992 910 1057 modo
936 995 1106 1072 constitui,
1131 993 1211 1058 mihi
1237 996 1301 1058 sint
1321 996 1592 1076 pertractandae,
1618 1001 1759 1081 primum
1784 1000 1825 1065 de

414 1098 526 1162 Baurii
552 1096 713 1160 sententia
733 1095 892 1176 judicium
919 1097 1051 1172 uberius
1074 1095 1306 1178 exponendum
1332 1103 1364 1162 et
1382 1101 1641 1167 confirmandum
1670 1108 1727 1166 est.
1779 1107 1826 1167 Ac

415 1201 558 1284 primurn
584 1198 716 1277 quidem
742 1197 1001 1276 distinctionem,
1027 1217 1125 1280 quam
1150 1202 1235 1264 inter
1261 1203 1393 1267 nostrae
1416 1207 1448 1265 et
1474 1204 1611 1267 aliarum
1636 1206 1730 1270 Pauli
1755 1205 1826 1287 epi-

414 1305 573 1368 stolarum
603 1301 701 1365 lalsos
728 1299 880 1366 doctores
907 1301 1064 1366 interesse
1092 1303 1147 1366 ille
1169 1303 1345 1377 contendit,
1371 1320 1434 1384 ego
1455 1323 1635 1387 agnoscere
1657 1325 1725 1372 non
1747 1323 1826 1388 pos·

415 1424 506 1482 sum,
534 1405 610 1487 quia
632 1403 659 1467 si
685 1403 757 1485 quis
784 1403 1010 1469 auctoritatem
1034 1404 1128 1469 Pauli
1153 1406 1367 1486 apostolicam
1391 1407 1648 1489 impugnaverit,
1674 1426 1826 1474 necessad

415 1511 466 1573 rio
493 1509 579 1572 illius
603 1506 748 1570 docentis
775 1507 1001 1572 anctoritatem
1027 1508 1220 1589 impugnare
1246 1506 1366 1586 debuit,
1392 1508 1501 1591 itaque
1527 1512 1625 1575 etiam
1645 1511 1826 1578 doctrinam

415 1613 501 1677 illius
526 1617 557 1676 et
581 1609 679 1674 fidem
704 1609 926 1687 ecclesiarum,
953 1627 1038 1691 quae
1063 1610 1148 1674 hanc
1174 1609 1354 1675 doctrinam
1380 1621 1614 1693 sequerentur;
1653 1620 1826 1697 utrumque

417 1721 483 1779 mm
507 1720 595 1778 arcte
621 1713 786 1790 cohaeret,
810 1717 845 1777 ut
869 1712 1016 1794 separari
1039 1717 1198 1793 nequeat,
1224 1717 1256 1777 et
1273 1714 1310 1777 si
1334 1714 1487 1795 epistolas
1514 1717 1556 1781 ad
1582 1714 1768 1783 Corinthios
1795 1724 1828 1781 et

417 1815 549 1883 Galatas
576 1815 783 1897 perlegimus,
807 1816 852 1906 ihi
878 1815 1046 1898 apostolus
1069 1833 1137 1880 non
1161 1816 1268 1880 solum
1282 1818 1508 1884 auctoritatem
1525 1836 1630 1897 suam,
1655 1819 1827 1885 sedetiam

416 1921 584 1985 doctrinae
619 1935 698 1983 suae
726 1916 895 1983 veritatem
919 1919 1016 1983 simili
1041 1917 1149 1983 studio
1175 1923 1290 1984 contra
1316 1920 1522 1986 adversarios
1545 1921 1699 1987 defendit
1757 1922 1829 1986 lloc

416 2023 517 2088 modo
543 2040 643 2103 quum
670 2020 936 2097 tundamentum,
970 2038 1036 2103 quo
1062 2024 1131 2086 tota
1156 2020 1267 2084 Baurii
1293 2024 1454 2087 sententia
1477 2024 1557 2088 nixa
1593 2029 1658 2102 est,
1697 2029 1732 2088 ut
1764 2023 1828 2089 lal-

416 2143 488 2191 sum
515 2126 707 2205 irritumque
734 2141 885 2189 eversum
911 2124 961 2197 sit,
986 2123 1083 2187 etiam
1106 2124 1330 2205 interpretatio
1351 2125 1517 2201 locorum,
1550 2144 1632 2207 quos
1665 2128 1708 2191 ad
1738 2127 1827 2193 illam

416 2228 677 2295 confirmandam
700 2227 815 2303 attulit,
839 2227 921 2291 lalsa
947 2229 979 2289 et
1004 2242 1160 2309 perversa
1184 2226 1373 2308 reperietur.
1426 2226 1647 2309 Genealogiae
1670 2230 1758 2293 enirn
1775 2230 1828 2295 in·

416 2333 526 2397 finitae
553 2331 670 2395 eodem
690 2329 765 2412 jure
791 2328 833 2395 ad
856 2329 1058 2393 ludaeorum
1085 2329 1304 2409 genealogias,
1326 2347 1423 2411 quam
1440 2329 1481 2397 ad
1502 2328 1733 2397 Gnosticorum
1748 2350 1829 2397 aeo-

415 2454 494 2500 num
517 2434 617 2499 series
645 2430 759 2497 reterri
785 2436 930 2515 possunt,
954 2431 1037 2495 etsi
1062 2430 1103 2494 ad
1129 2432 1292 2513 gnosticas
1316 2433 1388 2498 illas
1414 2433 1587 2516 opiniones
1620 2435 1829 2514 referrentur,

415 2540 495 2603 nihil
521 2556 563 2601 ex
585 2539 648 2602 hac
674 2535 833 2601 relatione
853 2539 1060 2616 sequeretur,
1096 2534 1158 2598 nisi
1190 2535 1383 2616 scriptorem
1410 2536 1519 2600 locum
1549 2537 1641 2601 illum
1668 2538 1827 2621 epistolae

416 2641 458 2706 ad
484 2640 591 2705 'litum
623 2640 710 2705 male
735 2638 935 2703 intellexisse
954 2641 986 2701 et
1012 2636 1053 2701 ad
1076 2638 1127 2701 sui
1153 2637 1309 2719 temporis
1332 2639 1503 2719 opiniones
1528 2642 1688 2717 traxisse,
1722 2641 1827 2706 serius
1941 2664 1944 2669 ·

394 2743 513 2823 ‘igitur
544 2742 696 2826 apostolo
721 2741 825 2806 Paulo
849 2740 990 2818 vixisse,
1025 2754 1092 2803 non
1125 2745 1236 2804 tamen
1260 2741 1371 2805 medio
1404 2742 1549 2807 secundo
1585 2743 1735 2821 saeculo,
1769 2743 1828 2808 sed

415 2845 551 2911 loannis
577 2844 718 2929 apostoli
745 2849 903 2926 tempore,
929 2841 986 2907 uhi
1012 2841 1183 2924 opiniones
1209 2843 1303 2920 istae,
1327 2861 1466 2925 quarum
1491 2834 1618 2911 semina
1639 2845 1709 2927 jam
1725 2846 1829 2913 Paulo

415 2949 546 3014 vivente
578 2947 722 3015 Colossis
754 2949 995 3030 apparuerunt,
1028 2962 1148 3026 magna
1176 2945 1378 3012 incrementa
1399 2955 1564 3030 ceperunt.
1617 2945 1709 3025 Quos
1736 2967 1765 3014 v.
1792 2939 1827 3014 8.

415 3055 652 3118 commemorat
677 3033 1011 3136 νομοδιδασκοίλους
1035 3048 1076 3112 de
1102 3049 1182 3128 legis
1209 3049 1404 3114 adversariis
1428 3051 1593 3132 explicare
1619 3051 1741 3116 nemini
1758 3052 1829 3116 lere

415 3155 449 3219 in
482 3162 624 3221 mentem
658 3152 762 3230 senil,
801 3169 902 3236 quum
927 3150 1097 3233 sequentia
1123 3151 1224 3216 verha
1257 3144 1380 3225 καλᾶς
1405 3138 1422 3222 ὁ
1447 3141 1551 3242 νόμος
1572 3176 1608 3225 κ,
1635 3176 1670 3226 τ,
1697 3150 1737 3226 λ.
1761 3170 1829 3218 non

416 3257 457 3322 ad
482 3259 562 3341 legis
585 3255 791 3324 adversarios
817 3257 965 3338 spectare
990 3257 1142 3335 possent,
1173 3254 1230 3319 sed
1254 3252 1298 3320 ad
1316 3254 1467 3336 judaicos
1494 3256 1574 3337 legis
1600 3257 1740 3336 peritos,
1775 3256 1830 3337 qui

417 3378 489 3426 eam
516 3363 615 3426 etiam
641 3357 833 3425 Christianis
859 3373 993 3440 prorsus
1020 3355 1197 3422 obtrudere
1224 3357 1353 3435 vellent,
1385 3357 1473 3440 quod
1496 3376 1538 3423 ex
1562 3374 1624 3421 usu
1648 3359 1728 3438 legis
1754 3376 1829 3423 ver·

417 3464 466 3528 his
494 3452 791 3550 ido-copiosas
826 3456 968 3558 χρῆται
995 3459 1175 3524 clarissime
1201 3461 1316 3524 elucet
1367 3460 1515 3542 Denique
1539 3461 1642 3524 verha
1665 3449 1830 3535 α’γτιθέ.

416 3587 489 3640 cers
514 3566 581 3658 τῆς
607 3547 858 3655 ψευδωνύμου
885 3546 1053 3650 γνώσεως
1069 3561 1220 3626 'minime
1246 3563 1286 3626 de
1311 3578 1413 3644 opere
1438 3565 1501 3629 isto
1528 3562 1705 3629 Marcionis
1733 3563 1830 3627 intel·

417 3668 547 3750 ligenda
573 3686 656 3743 esse,
676 3666 747 3747 jam
771 3682 813 3729 ex
839 3681 880 3729 eo
906 3662 1007 3728 videri
1030 3665 1114 3742 licet,
1142 3663 1230 3746 quod
1251 3664 1382 3742 Paulus,
1408 3667 1463 3749 qui
1485 3683 1596 3732 veram
1624 3665 1740 3747 gnosio
1766 3683 1830 3730 no·

417 3773 462 3835 vit
486 3768 519 3860 (l.
546 3773 621 3839 Cor.
644 3768 725 3847 Vlll,
754 3763 792 3844 l;
825 3766 911 3844 Xlll,
937 3757 981 3855 8.)
1009 3768 1108 3833 etiam
1130 3768 1248 3855 *lateam
1275 3767 1407 3833 novisse
1434 3768 1530 3834 dehet
1550 3774 1582 3832 et
1608 3766 1696 3848 quod
1720 3769 1831 3833 omni·

416 3875 476 3939 hus
511 3874 687 3943 historicae
721 3869 956 3952 disquisitionis
990 3872 1116 3951 legibus
1150 3868 1361 3948 contradicit,
1402 3870 1517 3936 iisdem
1548 3870 1657 3935 verbis
1690 3871 1830 3935 eandem

416 3994 546 4060 semper
575 3977 719 4044 trihuere
751 3974 931 4038 notionem.
994 3972 1115 4040 llehuit
1137 3975 1235 4054 igitur
1260 3973 1347 4071 haur
1367 3974 1509 4055 primum
1535 3972 1666 4038 aliunde
1691 3973 1832 4039 demon·

416 4087 538 4159 strare,
579 4086 724 4146 nostram
757 4076 928 4158 epistolam
961 4075 1140 4143 Marcionis
1173 4081 1321 4158 tempore
1348 4082 1380 4141 et
1403 4083 1518 4142 contra
1547 4091 1622 4140 eum
1649 4091 1720 4140 esse
1747 4078 1831 4143 scri·

417 4189 516 4266 ptam,
536 4183 654 4248 si'hoc
675 4182 903 4258 argumentum
926 4195 970 4242 ex
992 4180 1055 4243 illis
1078 4179 1187 4244 serbis
1210 4180 1344 4262 petitum
1368 4185 1492 4244 rectum
1515 4182 1548 4241 et
1564 4195 1663 4259 grave
1680 4196 1752 4247 esse
1769 4198 1831 4245 vo·

417 4288 496 4361 luit;
531 4286 620 4368 quod
646 4301 746 4367 quum
769 4299 836 4346 non
863 4281 993 4356 iecerit,
1019 4283 1117 4347 etiam
1144 4286 1371 4362 argumentum
1397 4287 1485 4348 stare
1508 4297 1575 4346 non
1597 4287 1713 4361 potest.
1767 4281 1830 4347 Sed

416 4406 523 4470 neque
545 4408 587 4454 ex
614 4385 800 4461 sententiis,
825 4402 907 4465 quas
932 4383 1070 4466 epistola
1095 4385 1227 4450 exhihet
1249 4384 1289 4449 de
1315 4385 1420 4449 salute
1446 4403 1506 4468 per
1531 4382 1695 4449 Christum
1721 4385 1830 4450 omni·

416 4493 476 4557 hus
503 4491 728 4574 impertienda,
756 4487 797 4552 de
823 4487 913 4555 falsis
935 4487 1133 4561 doctoribus,
1159 4487 1200 4552 de
1226 4487 1367 4564 leminis,
1393 4487 1433 4552 de
1460 4487 1618 4569 religione
1643 4486 1831 4561 christiana,

416 4600 504 4660 recte
531 4594 616 4659 ellici
639 4593 719 4656 mihi
744 4607 842 4674 posse
869 4590 1014 4669 videtur,
1044 4596 1135 4655 lanto
1159 4589 1316 4672 temporis
1338 4591 1444 4672 spatio
1471 4595 1544 4674 post
1569 4590 1663 4655 Pauli
1689 4595 1830 4655 mortem

417 4699 529 4780 elapso
557 4713 629 4761 eam
657 4711 728 4760 esse
749 4695 967 4777 conscriptam
993 4697 1025 4760 et
1050 4694 1106 4758 illa
1129 4700 1303 4776 praecepta
1329 4696 1516 4761 necessaria
1541 4693 1582 4758 ad
1598 4690 1830 4759 Gnosticorum
1906 4780 1909 4784 Δ
