4350 5586
944 514 1104 578 -53

377 699 536 781 epistolae
561 696 682 774 tulisse,
709 695 767 760 sed
793 698 943 761 coactum
967 693 1160 771 rationibus,
1187 709 1268 774 quas
1294 693 1444 775 exposui,
1467 697 1499 756 et
1524 692 1681 759 ecclesiae
1701 700 1790 761 certe

376 818 444 867 uon
470 798 637 884 prodesse,
663 799 690 862 si
717 816 781 880 qua
803 797 942 880 epistola
963 795 1048 862 falso
1071 795 1177 884 Paulo
1204 795 1384 879 adscripta,
1410 796 1440 859 ei
1465 811 1596 878 semper
1622 796 1790 865 adscriba-

376 911 430 969 tur
453 903 593 982 indeque
620 919 749 984 semper
773 901 882 965 denuo
909 899 1127 964 dubitationes
1146 898 1295 965 oriantur
1312 900 1506 980 turbentque
1526 899 1698 967 nominum
1717 900 1790 977 ani-

377 1022 459 1070 mos.
511 1004 576 1070 Sed
602 1024 668 1086 quo
695 1005 819 1068 firmius
850 1003 1076 1067 auctoritatem
1102 1002 1282 1084 scripturae
1308 1019 1443 1080 sacrae,
1477 1005 1512 1065 ut
1536 1001 1637 1067 fontis
1659 1003 1790 1075 divinae

376 1126 396 1174 a
423 1106 552 1173 Christo
577 1107 785 1190 praedicatae
809 1106 952 1171 veritatis
978 1111 1126 1169 tenemus
1157 1109 1190 1168 et
1212 1122 1279 1187 quo
1303 1104 1420 1170 fortius
1443 1121 1517 1169 eam
1543 1105 1584 1169 ab
1609 1108 1701 1173 omni
1727 1107 1791 1172 ho·

376 1210 440 1276 stili
465 1215 497 1275 et
520 1209 663 1292 maligno
690 1211 812 1291 impetu
840 1208 1059 1287 defendimus,
1084 1199 1124 1272 eo
1152 1208 1334 1274 accuratius
1362 1206 1585 1290 quaerendum
1610 1214 1677 1304 est,
1710 1226 1789 1275 num

375 1331 461 1396 quae
483 1332 543 1395 pro
569 1315 655 1378 veris
681 1311 885 1377 defendimus
912 1321 944 1375 et
968 1313 1185 1390 sustinemus,
1221 1328 1356 1394 prorsus
1383 1327 1462 1375 vera
1493 1310 1559 1379 sint
1583 1328 1728 1394 numqua
1755 1313 1789 1376 in

375 1415 587 1481 defendendis
623 1415 686 1480 iilis
715 1417 843 1480 sincero
876 1415 1020 1480 veritatis
1046 1431 1178 1490 amore,
1216 1432 1258 1479 an
1285 1431 1384 1480 caeca
1409 1413 1568 1478 falsarum
1594 1415 1790 1498 opinionum

375 1519 618 1602 perseverantia
642 1519 812 1600 agitemur.
878 1518 961 1584 Nam
996 1517 1077 1582 nihii
1110 1516 1171 1581 nisi
1202 1517 1340 1596 veritas,
1374 1515 1544 1597 diiigenter
1577 1518 1725 1597 quaesita
1757 1524 1789 1582 et

374 1622 546 1705 perspicue
584 1623 752 1704 proposita
788 1622 887 1686 vincit
921 1604 1052 1686 undem
1081 1624 1113 1684 et
1137 1625 1318 1703 pugnantes
1344 1636 1459 1684 rursus
1485 1619 1621 1684 caritate
1648 1619 1788 1703 coujun-
1825 1649 1833 1676 r

375 1727 429 1806 git,
455 1732 552 1806 atque
579 1726 664 1789 hanc
688 1726 857 1789 veritatem
884 1726 917 1788 in
944 1724 1009 1788 hoc
1031 1724 1190 1805 opusculo
1218 1740 1270 1789 me
1295 1724 1478 1788 insecutum
1504 1739 1587 1800 esse,
1613 1740 1685 1789 sum
1707 1724 1788 1789 mihi

375 1828 541 1905 conscius,
572 1846 613 1892 au
647 1844 727 1893 vero
752 1828 927 1892 'assecutus
955 1842 1028 1892 eam
1059 1826 1121 1890 sim
1148 1824 1219 1892 aliis
1247 1830 1282 1891 ut
1307 1844 1366 1908 par
1393 1831 1441 1890 est
1467 1823 1648 1908 dijudicare
1687 1826 1787 1890 refin-

374 1949 484 2014 quam.
