<?xml version="1.0" encoding="UTF-8"?>
<!DOCTYPE html PUBLIC "-//W3C//DTD XHTML 1.0 Transitional//EN"
    "http://www.w3.org/TR/xhtml1/DTD/xhtml1-transitional.dtd">
<html xmlns="http://www.w3.org/1999/xhtml" xml:lang="en" lang="en">
 <head>
  <title>
</title>
<meta http-equiv="Content-Type" content="text/html;charset=utf-8" />
  <meta name='ocr-system' content='tesseract 3.04.00' />
  <meta name='ocr-capabilities' content='ocr_page ocr_carea ocr_par ocr_line ocrx_word'/>
</head>
<body>
  <div class='ocr_page' id='page_1' title='image "./dissertatiodear00rudogoog_0044.png"; bbox 0 0 4350 5586; ppageno 0'>
   <div class='ocr_carea' id='block_1_1' title="bbox 915 517 1075 580">
    <p class='ocr_par' dir='ltr' id='par_1_1' title="bbox 915 517 1075 580">
     <span class='ocr_line' id='line_1_1' title="bbox 915 517 1075 580; baseline -0.006 0"><span class='ocrx_word' id='word_1_1' title='bbox 915 517 1075 580; x_wconf 47' lang='grc'><strong>,33</strong></span> 
     </span>
    </p>
   </div>
   <div class='ocr_carea' id='block_1_2' title="bbox 259 691 1770 2013">
    <p class='ocr_par' dir='ltr' id='par_1_2' title="bbox 259 691 1770 1398">
     <span class='ocr_line' id='line_1_2' title="bbox 353 691 1763 791; baseline 0.001 -25"><span class='ocrx_word' id='word_1_2' title='bbox 353 700 547 775; x_wconf 83' lang='lat' dir='ltr'><strong>offenditur,</strong></span> <span class='ocrx_word' id='word_1_3' title='bbox 584 695 673 778; x_wconf 80' lang='lat' dir='ltr'><strong>qood</strong></span> <span class='ocrx_word' id='word_1_4' title='bbox 704 695 778 761; x_wconf 83' lang='lat' dir='ltr'><strong>taisi</strong></span> <span class='ocrx_word' id='word_1_5' title='bbox 807 694 958 761; x_wconf 87' lang='lat' dir='ltr'><strong>doctores</strong></span> <span class='ocrx_word' id='word_1_6' title='bbox 985 714 1052 762; x_wconf 95' lang='lat' dir='ltr'><strong>non</strong></span> <span class='ocrx_word' id='word_1_7' title='bbox 1077 698 1157 764; x_wconf 87' lang='lat' dir='ltr'><strong>satis</strong></span> <span class='ocrx_word' id='word_1_8' title='bbox 1172 698 1329 766; x_wconf 82' lang='lat' dir='ltr'><strong>,distincte</strong></span> <span class='ocrx_word' id='word_1_9' title='bbox 1350 700 1503 766; x_wconf 89' lang='lat' dir='ltr'><strong>notentur</strong></span> <span class='ocrx_word' id='word_1_10' title='bbox 1528 691 1585 786; x_wconf 81' lang='grc'>(11,</span> <span class='ocrx_word' id='word_1_11' title='bbox 1615 694 1662 767; x_wconf 89' lang='grc'><strong>14</strong></span> <span class='ocrx_word' id='word_1_12' title='bbox 1681 698 1763 791; x_wconf 83' lang='lat' dir='ltr'><strong>epp.)</strong></span> 
     </span>
     <span class='ocr_line' id='line_1_3' title="bbox 353 798 1765 886; baseline 0.001 -18"><span class='ocrx_word' id='word_1_13' title='bbox 353 805 431 886; x_wconf 90' lang='lat' dir='ltr'><strong>quin</strong></span> <span class='ocrx_word' id='word_1_14' title='bbox 464 802 561 867; x_wconf 89' lang='lat' dir='ltr'><strong>etiam</strong></span> <span class='ocrx_word' id='word_1_15' title='bbox 594 799 668 865; x_wconf 86' lang='lat' dir='ltr'><strong>intsi</strong></span> <span class='ocrx_word' id='word_1_16' title='bbox 695 798 847 864; x_wconf 90' lang='lat' dir='ltr'><strong>doctores</strong></span> <span class='ocrx_word' id='word_1_17' title='bbox 879 802 912 863; x_wconf 91' lang='lat' dir='ltr'><strong>et</strong></span> <span class='ocrx_word' id='word_1_18' title='bbox 947 803 1128 881; x_wconf 89' lang='lat' dir='ltr'><strong>praesentis</strong></span> <span class='ocrx_word' id='word_1_19' title='bbox 1160 808 1192 866; x_wconf 90' lang='lat' dir='ltr'><strong>et</strong></span> <span class='ocrx_word' id='word_1_20' title='bbox 1221 801 1320 867; x_wconf 80' lang='lat' dir='ltr'><strong>futuri</strong></span> <span class='ocrx_word' id='word_1_21' title='bbox 1343 803 1501 885; x_wconf 89' lang='lat' dir='ltr'><strong>temporis</strong></span> <span class='ocrx_word' id='word_1_22' title='bbox 1523 801 1765 870; x_wconf 86' lang='lat' dir='ltr'><strong>contundantur</strong></span> 
     </span>
     <span class='ocr_line' id='line_1_4' title="bbox 353 893 1765 991; baseline 0.001 -20"><span class='ocrx_word' id='word_1_23' title='bbox 353 903 424 991; x_wconf 87' lang='lat' dir='ltr'><strong>(lli,</strong></span> <span class='ocrx_word' id='word_1_24' title='bbox 453 901 471 968; x_wconf 96' lang='grc'>1</span> <span class='ocrx_word' id='word_1_25' title='bbox 494 921 585 984; x_wconf 66' lang='lat' dir='ltr'><strong>sqq„</strong></span> <span class='ocrx_word' id='word_1_26' title='bbox 614 901 667 979; x_wconf 84' lang='lat' dir='ltr'><strong>iv,</strong></span> <span class='ocrx_word' id='word_1_27' title='bbox 692 893 792 988; x_wconf 73' lang='lat' dir='ltr'><strong>aeq.)</strong></span> <span class='ocrx_word' id='word_1_28' title='bbox 819 902 902 967; x_wconf 91' lang='lat' dir='ltr'><strong>siout</strong></span> <span class='ocrx_word' id='word_1_29' title='bbox 924 901 958 966; x_wconf 92' lang='lat' dir='ltr'><strong>iu</strong></span> <span class='ocrx_word' id='word_1_30' title='bbox 982 904 1006 968; x_wconf 81' lang='grc'>1</span> <span class='ocrx_word' id='word_1_31' title='bbox 1033 905 1116 969; x_wconf 86' lang='lat' dir='ltr'><strong>Tim.</strong></span> <span class='ocrx_word' id='word_1_32' title='bbox 1143 903 1232 984; x_wconf 88' lang='lat' dir='ltr'><strong>quod</strong></span> <span class='ocrx_word' id='word_1_33' title='bbox 1256 904 1375 969; x_wconf 86' lang='lat' dir='ltr'><strong>Panius</strong></span> <span class='ocrx_word' id='word_1_34' title='bbox 1402 904 1632 971; x_wconf 88' lang='lat' dir='ltr'><strong>immodestum</strong></span> <span class='ocrx_word' id='word_1_35' title='bbox 1661 906 1703 971; x_wconf 91' lang='lat' dir='ltr'><strong>de</strong></span> <span class='ocrx_word' id='word_1_36' title='bbox 1728 924 1765 973; x_wconf 88' lang='lat' dir='ltr'><strong>ee</strong></span> 
     </span>
     <span class='ocr_line' id='line_1_5' title="bbox 346 997 1764 1094; baseline 0.003 -23"><span class='ocrx_word' id='word_1_37' title='bbox 346 1007 506 1091; x_wconf 88' lang='lat' dir='ltr'><strong>judicium</strong></span> <span class='ocrx_word' id='word_1_38' title='bbox 522 1006 606 1069; x_wconf 88' lang='lat' dir='ltr'><strong>ierat</strong></span> <span class='ocrx_word' id='word_1_39' title='bbox 620 999 682 1090; x_wconf 77' lang='lat' dir='ltr'><strong>(iv,</strong></span> <span class='ocrx_word' id='word_1_40' title='bbox 705 997 785 1085; x_wconf 77' lang='lat' dir='ltr'><strong>7sq.</strong></span> <span class='ocrx_word' id='word_1_41' title='bbox 803 1004 878 1069; x_wconf 90' lang='lat' dir='ltr'><strong>ooli.</strong></span> <span class='ocrx_word' id='word_1_42' title='bbox 892 1003 974 1070; x_wconf 85' lang='lat' dir='ltr'><strong>Phil.</strong></span> <span class='ocrx_word' id='word_1_43' title='bbox 993 1007 1047 1084; x_wconf 91' lang='grc'>111,</span> <span class='ocrx_word' id='word_1_44' title='bbox 1068 998 1135 1094; x_wconf 91' lang='grc'>12),</span> <span class='ocrx_word' id='word_1_45' title='bbox 1156 1007 1245 1088; x_wconf 88' lang='lat' dir='ltr'><strong>quod</strong></span> <span class='ocrx_word' id='word_1_46' title='bbox 1264 1007 1453 1073; x_wconf 74' lang='lat' dir='ltr'><strong>Timotheus</strong></span> <span class='ocrx_word' id='word_1_47' title='bbox 1473 1007 1648 1074; x_wconf 91' lang='lat' dir='ltr'><strong>immodice</strong></span> <span class='ocrx_word' id='word_1_48' title='bbox 1664 1014 1696 1074; x_wconf 88' lang='lat' dir='ltr'><strong>et</strong></span> <span class='ocrx_word' id='word_1_49' title='bbox 1711 1009 1764 1075; x_wconf 91' lang='lat' dir='ltr'><strong>iu·</strong></span> 
     </span>
     <span class='ocr_line' id='line_1_6' title="bbox 350 1096 1770 1198; baseline 0.003 -22"><span class='ocrx_word' id='word_1_50' title='bbox 350 1117 425 1192; x_wconf 89' lang='lat' dir='ltr'><strong>epte</strong></span> <span class='ocrx_word' id='word_1_51' title='bbox 440 1109 656 1175; x_wconf 89' lang='lat' dir='ltr'><strong>admoneatur</strong></span> <span class='ocrx_word' id='word_1_52' title='bbox 674 1100 708 1191; x_wconf 84' lang='lat'><strong>(1,</strong></span> <span class='ocrx_word' id='word_1_53' title='bbox 732 1096 846 1189; x_wconf 82' lang='lat' dir='ltr'><strong>l3sq,</strong></span> <span class='ocrx_word' id='word_1_54' title='bbox 863 1105 902 1184; x_wconf 90' lang='lat' dir='ltr'><strong>il,</strong></span> <span class='ocrx_word' id='word_1_55' title='bbox 925 1102 956 1185; x_wconf 96' lang='grc'><strong>1,</strong></span> <span class='ocrx_word' id='word_1_56' title='bbox 976 1102 1094 1192; x_wconf 88' lang='lat' dir='ltr'><strong>7sqq.,</strong></span> <span class='ocrx_word' id='word_1_57' title='bbox 1113 1102 1172 1187; x_wconf 88' lang='lat'><strong>15,</strong></span> <span class='ocrx_word' id='word_1_58' title='bbox 1190 1101 1259 1180; x_wconf 69' lang='lat'><strong>222</strong></span> <span class='ocrx_word' id='word_1_59' title='bbox 1280 1111 1334 1189; x_wconf 91' lang='lat'><strong>111,</strong></span> <span class='ocrx_word' id='word_1_60' title='bbox 1354 1103 1412 1186; x_wconf 65' lang='lat'><strong>143</strong></span> <span class='ocrx_word' id='word_1_61' title='bbox 1427 1111 1480 1188; x_wconf 82' lang='lat' dir='ltr'><strong>lv,</strong></span> <span class='ocrx_word' id='word_1_62' title='bbox 1500 1106 1554 1198; x_wconf 90' lang='grc'>1.),</span> <span class='ocrx_word' id='word_1_63' title='bbox 1570 1110 1659 1192; x_wconf 86' lang='lat' dir='ltr'><strong>quod</strong></span> <span class='ocrx_word' id='word_1_64' title='bbox 1674 1097 1770 1180; x_wconf 62' lang='lat' dir='ltr'><strong>haud⁴</strong></span> 
     </span>
     <span class='ocr_line' id='line_1_7' title="bbox 259 1207 1763 1300; baseline 0.001 -22"><span class='ocrx_word' id='word_1_65' title='bbox 259 1221 268 1238; x_wconf 92' lang='grc'><em>“</em></span> <span class='ocrx_word' id='word_1_66' title='bbox 352 1219 426 1296; x_wconf 83' lang='lat' dir='ltr'>apte</span> <span class='ocrx_word' id='word_1_67' title='bbox 443 1213 555 1277; x_wconf 88' lang='lat' dir='ltr'><strong>matris</strong></span> <span class='ocrx_word' id='word_1_68' title='bbox 571 1215 604 1274; x_wconf 90' lang='lat' dir='ltr'><strong>et</strong></span> <span class='ocrx_word' id='word_1_69' title='bbox 623 1207 717 1276; x_wconf 86' lang='lat' dir='ltr'><strong>aviae</strong></span> <span class='ocrx_word' id='word_1_70' title='bbox 734 1208 803 1290; x_wconf 89' lang='lat' dir='ltr'><strong>jam</strong></span> <span class='ocrx_word' id='word_1_71' title='bbox 821 1210 952 1276; x_wconf 86' lang='lat' dir='ltr'><strong>seniore</strong></span> <span class='ocrx_word' id='word_1_72' title='bbox 968 1210 1139 1278; x_wconf 75' lang='lat' dir='ltr'>Timotheo</span> <span class='ocrx_word' id='word_1_73' title='bbox 1156 1213 1280 1278; x_wconf 90' lang='lat' dir='ltr'><strong>mentio</strong></span> <span class='ocrx_word' id='word_1_74' title='bbox 1296 1214 1353 1280; x_wconf 87' lang='lat' dir='ltr'><strong>hat</strong></span> <span class='ocrx_word' id='word_1_75' title='bbox 1378 1209 1412 1300; x_wconf 81' lang='lat'><strong>(1,</strong></span> <span class='ocrx_word' id='word_1_76' title='bbox 1436 1208 1483 1300; x_wconf 84' lang='lat'><strong>5),</strong></span> <span class='ocrx_word' id='word_1_77' title='bbox 1518 1217 1617 1294; x_wconf 86' lang='lat' dir='ltr'><strong>atque</strong></span> <span class='ocrx_word' id='word_1_78' title='bbox 1644 1232 1688 1280; x_wconf 83' lang='lat' dir='ltr'><strong>ex</strong></span> <span class='ocrx_word' id='word_1_79' title='bbox 1713 1215 1763 1280; x_wconf 90' lang='lat' dir='ltr'><strong>his</strong></span> 
     </span>
     <span class='ocr_line' id='line_1_8' title="bbox 350 1311 1706 1398; baseline 0 -17"><span class='ocrx_word' id='word_1_80' title='bbox 350 1316 456 1381; x_wconf 90' lang='lat' dir='ltr'><strong>causis</strong></span> <span class='ocrx_word' id='word_1_81' title='bbox 480 1311 693 1380; x_wconf 89' lang='lat' dir='ltr'><strong>dubitandum</strong></span> <span class='ocrx_word' id='word_1_82' title='bbox 719 1328 791 1376; x_wconf 87' lang='lat' dir='ltr'><strong>esse</strong></span> <span class='ocrx_word' id='word_1_83' title='bbox 815 1313 902 1391; x_wconf 89' lang='lat' dir='ltr'><strong>dicit,</strong></span> <span class='ocrx_word' id='word_1_84' title='bbox 926 1331 969 1378; x_wconf 91' lang='lat' dir='ltr'><strong>an</strong></span> <span class='ocrx_word' id='word_1_85' title='bbox 994 1315 1114 1382; x_wconf 86' lang='lat' dir='ltr'><strong>Paulus</strong></span> <span class='ocrx_word' id='word_1_86' title='bbox 1140 1317 1210 1397; x_wconf 88' lang='lat' dir='ltr'><strong>ipse</strong></span> <span class='ocrx_word' id='word_1_87' title='bbox 1236 1333 1312 1380; x_wconf 84' lang='lat' dir='ltr'><strong>vere</strong></span> <span class='ocrx_word' id='word_1_88' title='bbox 1335 1317 1377 1381; x_wconf 87' lang='lat' dir='ltr'><strong>sit</strong></span> <span class='ocrx_word' id='word_1_89' title='bbox 1399 1321 1515 1383; x_wconf 79' lang='lat' dir='ltr'><strong>auctor</strong></span> <span class='ocrx_word' id='word_1_90' title='bbox 1538 1316 1706 1398; x_wconf 88' lang='lat' dir='ltr'><strong>epistotae.</strong></span> 
     </span>
    </p>

    <p class='ocr_par' dir='ltr' id='par_1_3' title="bbox 346 1402 1764 1599">
     <span class='ocr_line' id='line_1_9' title="bbox 464 1402 1764 1502; baseline 0.002 -19"><span class='ocrx_word' id='word_1_91' title='bbox 464 1409 498 1483; x_wconf 85' lang='lat'><strong>3.</strong></span> <span class='ocrx_word' id='word_1_92' title='bbox 550 1414 663 1481; x_wconf 89' lang='lat' dir='ltr'><strong>Schott</strong></span> <span class='ocrx_word' id='word_1_93' title='bbox 686 1415 723 1480; x_wconf 90' lang='lat' dir='ltr'><strong>in</strong></span> <span class='ocrx_word' id='word_1_94' title='bbox 747 1415 886 1496; x_wconf 87' lang='lat' dir='ltr'><strong>epistota</strong></span> <span class='ocrx_word' id='word_1_95' title='bbox 911 1420 1024 1482; x_wconf 86' lang='lat' dir='ltr'><strong>nostra</strong></span> <span class='ocrx_word' id='word_1_96' title='bbox 1049 1402 1259 1488; x_wconf 67' lang='lat' dir='ltr'><strong>nihii&#39;inesse</strong></span> <span class='ocrx_word' id='word_1_97' title='bbox 1285 1418 1380 1497; x_wconf 90' lang='lat' dir='ltr'><strong>dicit,</strong></span> <span class='ocrx_word' id='word_1_98' title='bbox 1400 1419 1490 1500; x_wconf 86' lang='lat' dir='ltr'><strong>quod</strong></span> <span class='ocrx_word' id='word_1_99' title='bbox 1509 1420 1632 1502; x_wconf 77' lang='lat' dir='ltr'><strong>iustam</strong></span> <span class='ocrx_word' id='word_1_100' title='bbox 1656 1420 1764 1502; x_wconf 86' lang='lat' dir='ltr'><strong>suspi-</strong></span> 
     </span>
     <span class='ocr_line' id='line_1_10' title="bbox 346 1517 1322 1599; baseline -0.005 -13"><span class='ocrx_word' id='word_1_101' title='bbox 346 1521 480 1586; x_wconf 89' lang='lat' dir='ltr'><strong>cionem</strong></span> <span class='ocrx_word' id='word_1_102' title='bbox 505 1535 641 1583; x_wconf 88' lang='lat' dir='ltr'><strong>movere</strong></span> <span class='ocrx_word' id='word_1_103' title='bbox 666 1517 778 1599; x_wconf 83' lang='lat' dir='ltr'><strong>possit</strong></span> <span class='ocrx_word' id='word_1_104' title='bbox 1320 1525 1322 1531; x_wconf 85' lang='lat'>&#39;</span> 
     </span>
    </p>

    <p class='ocr_par' dir='ltr' id='par_1_4' title="bbox 349 1615 1765 2013">
     <span class='ocr_line' id='line_1_11' title="bbox 461 1615 1765 1704; baseline 0.001 -17"><span class='ocrx_word' id='word_1_105' title='bbox 461 1615 497 1687; x_wconf 75' lang='lat' dir='ltr'><strong>t.</strong></span> <span class='ocrx_word' id='word_1_106' title='bbox 547 1621 636 1686; x_wconf 88' lang='lat' dir='ltr'><strong>Baur</strong></span> <span class='ocrx_word' id='word_1_107' title='bbox 662 1625 795 1695; x_wconf 91' lang='lat' dir='ltr'><strong>contra,</strong></span> <span class='ocrx_word' id='word_1_108' title='bbox 831 1621 980 1699; x_wconf 82' lang='lat' dir='ltr'><strong>quamvis</strong></span> <span class='ocrx_word' id='word_1_109' title='bbox 1012 1625 1045 1686; x_wconf 93' lang='lat' dir='ltr'><strong>et</strong></span> <span class='ocrx_word' id='word_1_110' title='bbox 1066 1621 1123 1686; x_wconf 89' lang='lat' dir='ltr'><strong>iite</strong></span> <span class='ocrx_word' id='word_1_111' title='bbox 1147 1621 1358 1698; x_wconf 83' lang='lat' dir='ltr'><strong>confiteatur,</strong></span> <span class='ocrx_word' id='word_1_112' title='bbox 1389 1620 1561 1704; x_wconf 89' lang='lat' dir='ltr'><strong>epistolam</strong></span> <span class='ocrx_word' id='word_1_113' title='bbox 1585 1622 1706 1688; x_wconf 81' lang='lat' dir='ltr'><strong>sinceri</strong></span> <span class='ocrx_word' id='word_1_114' title='bbox 1731 1627 1765 1688; x_wconf 88' lang='lat' dir='ltr'><strong>et</strong></span> 
     </span>
     <span class='ocr_line' id='line_1_12' title="bbox 350 1720 1765 1812; baseline 0.003 -24"><span class='ocrx_word' id='word_1_115' title='bbox 350 1725 493 1806; x_wconf 84' lang='lat' dir='ltr'><strong>caritatis</strong></span> <span class='ocrx_word' id='word_1_116' title='bbox 513 1724 617 1789; x_wconf 90' lang='lat' dir='ltr'><strong>muita</strong></span> <span class='ocrx_word' id='word_1_117' title='bbox 639 1726 672 1787; x_wconf 90' lang='lat' dir='ltr'><strong>et</strong></span> <span class='ocrx_word' id='word_1_118' title='bbox 695 1720 867 1805; x_wconf 88' lang='lat' dir='ltr'><strong>praeclara</strong></span> <span class='ocrx_word' id='word_1_119' title='bbox 891 1723 985 1804; x_wconf 80' lang='lat' dir='ltr'><strong>signa</strong></span> <span class='ocrx_word' id='word_1_120' title='bbox 1010 1724 1178 1803; x_wconf 85' lang='lat' dir='ltr'><strong>exhihere,</strong></span> <span class='ocrx_word' id='word_1_121' title='bbox 1203 1728 1312 1812; x_wconf 83' lang='lat' dir='ltr'><strong>tamen</strong></span> <span class='ocrx_word' id='word_1_122' title='bbox 1338 1742 1359 1789; x_wconf 91' lang='lat' dir='ltr'><strong>a</strong></span> <span class='ocrx_word' id='word_1_123' title='bbox 1382 1725 1487 1792; x_wconf 84' lang='lat' dir='ltr'><strong>Paulo</strong></span> <span class='ocrx_word' id='word_1_124' title='bbox 1511 1725 1585 1807; x_wconf 95' lang='lat' dir='ltr'><strong>ipso</strong></span> <span class='ocrx_word' id='word_1_125' title='bbox 1600 1725 1765 1793; x_wconf 82' lang='lat' dir='ltr'><strong>conscribi</strong></span> 
     </span>
     <span class='ocr_line' id='line_1_13' title="bbox 349 1823 1764 1911; baseline 0.004 -20"><span class='ocrx_word' id='word_1_126' title='bbox 349 1828 439 1893; x_wconf 90' lang='lat' dir='ltr'><strong>iiiam</strong></span> <span class='ocrx_word' id='word_1_127' title='bbox 471 1843 540 1893; x_wconf 93' lang='lat' dir='ltr'><strong>non</strong></span> <span class='ocrx_word' id='word_1_128' title='bbox 574 1825 718 1908; x_wconf 90' lang='lat' dir='ltr'><strong>potuisse</strong></span> <span class='ocrx_word' id='word_1_129' title='bbox 749 1823 933 1904; x_wconf 81' lang='lat' dir='ltr'><strong>contendit,</strong></span> <span class='ocrx_word' id='word_1_130' title='bbox 965 1843 1066 1908; x_wconf 84' lang='lat' dir='ltr'><strong>quum</strong></span> <span class='ocrx_word' id='word_1_131' title='bbox 1098 1827 1135 1893; x_wconf 88' lang='lat' dir='ltr'><strong>in</strong></span> <span class='ocrx_word' id='word_1_132' title='bbox 1167 1831 1258 1894; x_wconf 88' lang='lat' dir='ltr'><strong>tanto</strong></span> <span class='ocrx_word' id='word_1_133' title='bbox 1289 1827 1404 1893; x_wconf 90' lang='lat' dir='ltr'><strong>mortis</strong></span> <span class='ocrx_word' id='word_1_134' title='bbox 1435 1826 1582 1909; x_wconf 88' lang='lat' dir='ltr'><strong>periculo</strong></span> <span class='ocrx_word' id='word_1_135' title='bbox 1608 1829 1764 1911; x_wconf 81' lang='lat' dir='ltr'><strong>epistolas</strong></span> 
     </span>
     <span class='ocr_line' id='line_1_14' title="bbox 349 1927 1764 2013; baseline 0.002 -19"><span class='ocrx_word' id='word_1_136' title='bbox 349 1927 519 2012; x_wconf 88' lang='lat' dir='ltr'><strong>scripsisse</strong></span> <span class='ocrx_word' id='word_1_137' title='bbox 551 1934 584 1994; x_wconf 92' lang='lat' dir='ltr'><strong>et</strong></span> <span class='ocrx_word' id='word_1_138' title='bbox 617 1929 726 1994; x_wconf 90' lang='lat' dir='ltr'><strong>socios</strong></span> <span class='ocrx_word' id='word_1_139' title='bbox 759 1928 802 1994; x_wconf 90' lang='lat' dir='ltr'><strong>ad</strong></span> <span class='ocrx_word' id='word_1_140' title='bbox 828 1944 864 1993; x_wconf 90' lang='lat' dir='ltr'><strong>se</strong></span> <span class='ocrx_word' id='word_1_141' title='bbox 896 1945 1034 1996; x_wconf 87' lang='lat' dir='ltr'><strong>vocasse</strong></span> <span class='ocrx_word' id='word_1_142' title='bbox 1062 1929 1201 1997; x_wconf 85' lang='lat' dir='ltr'><strong>Paulum</strong></span> <span class='ocrx_word' id='word_1_143' title='bbox 1233 1929 1488 2013; x_wconf 81' lang='lat' dir='ltr'><strong>haudquaquam</strong></span> <span class='ocrx_word' id='word_1_144' title='bbox 1512 1930 1688 1997; x_wconf 85' lang='lat' dir='ltr'><strong>verisimile</strong></span> <span class='ocrx_word' id='word_1_145' title='bbox 1711 1932 1764 2011; x_wconf 90' lang='lat' dir='ltr'><strong>sit,</strong></span> 
     </span>
    </p>
   </div>
   <div class='ocr_carea' id='block_1_3' title="bbox 255 2031 1765 2114">
    <p class='ocr_par' dir='ltr' id='par_1_5' title="bbox 255 2031 1765 2114">
     <span class='ocr_line' id='line_1_15' title="bbox 255 2031 1765 2114; baseline 0.002 -15"><span class='ocrx_word' id='word_1_146' title='bbox 255 2111 256 2114; x_wconf 8' lang='grc' dir='ltr'><strong>Ἴ</strong></span> <span class='ocrx_word' id='word_1_147' title='bbox 350 2041 382 2099; x_wconf 88' lang='lat' dir='ltr'><strong>et</strong></span> <span class='ocrx_word' id='word_1_148' title='bbox 408 2032 686 2114; x_wconf 85' lang='lat' dir='ltr'><strong>exspectationem</strong></span> <span class='ocrx_word' id='word_1_149' title='bbox 710 2031 824 2096; x_wconf 89' lang='lat' dir='ltr'><strong>mortis</strong></span> <span class='ocrx_word' id='word_1_150' title='bbox 846 2033 1128 2114; x_wconf 81' lang='lat' dir='ltr'><strong>constantiamque</strong></span> <span class='ocrx_word' id='word_1_151' title='bbox 1148 2033 1250 2099; x_wconf 91' lang='lat' dir='ltr'><strong>animi</strong></span> <span class='ocrx_word' id='word_1_152' title='bbox 1275 2033 1426 2100; x_wconf 85' lang='lat' dir='ltr'><strong>consulto</strong></span> <span class='ocrx_word' id='word_1_153' title='bbox 1452 2037 1666 2112; x_wconf 88' lang='lat' dir='ltr'><strong>ostentatam,</strong></span> <span class='ocrx_word' id='word_1_154' title='bbox 1690 2052 1765 2102; x_wconf 91' lang='lat' dir='ltr'><strong>ma-</strong></span> 
     </span>
    </p>
   </div>
   <div class='ocr_carea' id='block_1_4' title="bbox 267 2135 1764 3247">
    <p class='ocr_par' dir='ltr' id='par_1_6' title="bbox 267 2135 1764 3041">
     <span class='ocr_line' id='line_1_16' title="bbox 350 2135 1764 2220; baseline 0.003 -20"><span class='ocrx_word' id='word_1_155' title='bbox 350 2137 398 2217; x_wconf 76' lang='lat' dir='ltr'><strong>gis</strong></span> <span class='ocrx_word' id='word_1_156' title='bbox 434 2136 535 2202; x_wconf 92' lang='lat' dir='ltr'><strong>atium</strong></span> <span class='ocrx_word' id='word_1_157' title='bbox 565 2135 620 2216; x_wconf 83' lang='lat' dir='ltr'><strong>qui</strong></span> <span class='ocrx_word' id='word_1_158' title='bbox 651 2135 802 2216; x_wconf 79' lang='lat' dir='ltr'><strong>apostolo</strong></span> <span class='ocrx_word' id='word_1_159' title='bbox 827 2138 960 2200; x_wconf 87' lang='lat' dir='ltr'><strong>mortuo</strong></span> <span class='ocrx_word' id='word_1_160' title='bbox 985 2136 1069 2202; x_wconf 87' lang='lat' dir='ltr'><strong>haec</strong></span> <span class='ocrx_word' id='word_1_161' title='bbox 1094 2136 1279 2219; x_wconf 82' lang='lat' dir='ltr'><strong>scripserit,</strong></span> <span class='ocrx_word' id='word_1_162' title='bbox 1316 2153 1415 2218; x_wconf 86' lang='lat' dir='ltr'><strong>quam</strong></span> <span class='ocrx_word' id='word_1_163' title='bbox 1445 2138 1630 2220; x_wconf 87' lang='lat' dir='ltr'><strong>apostolum</strong></span> <span class='ocrx_word' id='word_1_164' title='bbox 1656 2138 1764 2219; x_wconf 92' lang='lat' dir='ltr'><strong>ipsum</strong></span> 
     </span>
     <span class='ocr_line' id='line_1_17' title="bbox 349 2236 1764 2323; baseline 0 -19"><span class='ocrx_word' id='word_1_165' title='bbox 349 2238 505 2304; x_wconf 87' lang='lat' dir='ltr'><strong>indicare.</strong></span> <span class='ocrx_word' id='word_1_166' title='bbox 565 2236 690 2301; x_wconf 85' lang='lat' dir='ltr'><strong>Deinde</strong></span> <span class='ocrx_word' id='word_1_167' title='bbox 715 2242 855 2304; x_wconf 91' lang='lat' dir='ltr'><strong>matrem</strong></span> <span class='ocrx_word' id='word_1_168' title='bbox 881 2245 913 2303; x_wconf 88' lang='lat' dir='ltr'><strong>et</strong></span> <span class='ocrx_word' id='word_1_169' title='bbox 937 2239 1046 2304; x_wconf 88' lang='lat' dir='ltr'><strong>aviam</strong></span> <span class='ocrx_word' id='word_1_170' title='bbox 1071 2238 1252 2317; x_wconf 81' lang='lat' dir='ltr'><strong>Timothei,</strong></span> <span class='ocrx_word' id='word_1_171' title='bbox 1285 2239 1358 2321; x_wconf 91' lang='lat' dir='ltr'><strong>ipso</strong></span> <span class='ocrx_word' id='word_1_172' title='bbox 1381 2240 1451 2321; x_wconf 88' lang='lat' dir='ltr'><strong>jam</strong></span> <span class='ocrx_word' id='word_1_173' title='bbox 1474 2242 1682 2323; x_wconf 89' lang='lat' dir='ltr'><strong>provectiore</strong></span> <span class='ocrx_word' id='word_1_174' title='bbox 1705 2258 1764 2305; x_wconf 89' lang='lat' dir='ltr'><strong>ae·</strong></span> 
     </span>
     <span class='ocr_line' id='line_1_18' title="bbox 349 2341 1764 2425; baseline 0 -17"><span class='ocrx_word' id='word_1_175' title='bbox 349 2346 436 2420; x_wconf 88' lang='lat' dir='ltr'><strong>tate,</strong></span> <span class='ocrx_word' id='word_1_176' title='bbox 473 2341 749 2417; x_wconf 90' lang='lat' dir='ltr'><strong>commemorari,</strong></span> <span class='ocrx_word' id='word_1_177' title='bbox 785 2357 852 2404; x_wconf 94' lang='lat' dir='ltr'><strong>non</strong></span> <span class='ocrx_word' id='word_1_178' title='bbox 874 2345 985 2424; x_wconf 91' lang='lat' dir='ltr'><strong>aptum</strong></span> <span class='ocrx_word' id='word_1_179' title='bbox 1012 2358 1102 2418; x_wconf 89' lang='lat' dir='ltr'><strong>esse,</strong></span> <span class='ocrx_word' id='word_1_180' title='bbox 1135 2348 1167 2407; x_wconf 90' lang='lat' dir='ltr'><strong>et</strong></span> <span class='ocrx_word' id='word_1_181' title='bbox 1201 2343 1473 2425; x_wconf 80' lang='lat' dir='ltr'><strong>compositionem</strong></span> <span class='ocrx_word' id='word_1_182' title='bbox 1499 2344 1660 2409; x_wconf 83' lang='lat' dir='ltr'><strong>Timothei</strong></span> <span class='ocrx_word' id='word_1_183' title='bbox 1687 2360 1764 2408; x_wconf 92' lang='lat' dir='ltr'><strong>oum</strong></span> 
     </span>
     <span class='ocr_line' id='line_1_19' title="bbox 267 2435 1764 2530; baseline 0.001 -21"><span class='ocrx_word' id='word_1_184' title='bbox 267 2472 270 2476; x_wconf 52' lang='lat'>&gt;</span> <span class='ocrx_word' id='word_1_185' title='bbox 349 2444 451 2510; x_wconf 90' lang='lat' dir='ltr'><strong>miiite</strong></span> <span class='ocrx_word' id='word_1_186' title='bbox 475 2438 525 2530; x_wconf 86' lang='lat'><strong>(11,</strong></span> <span class='ocrx_word' id='word_1_187' title='bbox 548 2435 594 2530; x_wconf 87' lang='grc'><strong>3),</strong></span> <span class='ocrx_word' id='word_1_188' title='bbox 614 2443 963 2510; x_wconf 82' lang='lat' dir='ltr'><strong>commemorationem</strong></span> <span class='ocrx_word' id='word_1_189' title='bbox 988 2445 1187 2512; x_wconf 86' lang='lat' dir='ltr'><strong>narrationis</strong></span> <span class='ocrx_word' id='word_1_190' title='bbox 1207 2446 1417 2530; x_wconf 80' lang='lat' dir='ltr'><strong>apocryphae</strong></span> <span class='ocrx_word' id='word_1_191' title='bbox 1441 2446 1483 2528; x_wconf 82' lang='lat' dir='ltr'><strong>dp</strong></span> <span class='ocrx_word' id='word_1_192' title='bbox 1499 2446 1606 2511; x_wconf 87' lang='lat' dir='ltr'><strong>Janne</strong></span> <span class='ocrx_word' id='word_1_193' title='bbox 1623 2451 1655 2510; x_wconf 90' lang='lat' dir='ltr'><strong>et</strong></span> <span class='ocrx_word' id='word_1_194' title='bbox 1671 2444 1764 2511; x_wconf 87' lang='lat' dir='ltr'><strong>Jam-</strong></span> 
     </span>
     <span class='ocr_line' id='line_1_20' title="bbox 348 2537 1762 2633; baseline 0.001 -19"><span class='ocrx_word' id='word_1_195' title='bbox 348 2550 408 2614; x_wconf 93' lang='lat' dir='ltr'><strong>hre</strong></span> <span class='ocrx_word' id='word_1_196' title='bbox 431 2545 597 2631; x_wconf 76' lang='lat' dir='ltr'><strong>Aegyptiis</strong></span> <span class='ocrx_word' id='word_1_197' title='bbox 624 2541 689 2633; x_wconf 91' lang='lat'><strong>(111,</strong></span> <span class='ocrx_word' id='word_1_198' title='bbox 712 2537 767 2633; x_wconf 84' lang='grc'><strong>3),</strong></span> <span class='ocrx_word' id='word_1_199' title='bbox 793 2546 931 2625; x_wconf 83' lang='lat' dir='ltr'><strong>ethici,</strong></span> <span class='ocrx_word' id='word_1_200' title='bbox 956 2550 1012 2630; x_wconf 88' lang='lat' dir='ltr'><strong>qni</strong></span> <span class='ocrx_word' id='word_1_201' title='bbox 1033 2548 1158 2632; x_wconf 81' lang='lat' dir='ltr'><strong>primm</strong></span> <span class='ocrx_word' id='word_1_202' title='bbox 1182 2554 1257 2629; x_wconf 87' lang='lat' dir='ltr'><strong>post</strong></span> <span class='ocrx_word' id='word_1_203' title='bbox 1281 2548 1413 2614; x_wconf 86' lang='lat' dir='ltr'><strong>Petrum</strong></span> <span class='ocrx_word' id='word_1_204' title='bbox 1436 2550 1563 2615; x_wconf 85' lang='lat' dir='ltr'><strong>Romae</strong></span> <span class='ocrx_word' id='word_1_205' title='bbox 1588 2549 1762 2631; x_wconf 86' lang='lat' dir='ltr'><strong>episcopus</strong></span> 
     </span>
     <span class='ocr_line' id='line_1_21' title="bbox 349 2639 1763 2736; baseline 0 -20"><span class='ocrx_word' id='word_1_206' title='bbox 349 2651 449 2717; x_wconf 82' lang='lat' dir='ltr'><strong>tuisse</strong></span> <span class='ocrx_word' id='word_1_207' title='bbox 472 2650 590 2716; x_wconf 91' lang='lat' dir='ltr'><strong>dicitur</strong></span> <span class='ocrx_word' id='word_1_208' title='bbox 612 2644 675 2736; x_wconf 81' lang='lat' dir='ltr'><strong>(lv,</strong></span> <span class='ocrx_word' id='word_1_209' title='bbox 696 2639 767 2736; x_wconf 86' lang='grc'>21),</span> <span class='ocrx_word' id='word_1_210' title='bbox 792 2649 886 2729; x_wconf 71' lang='lat' dir='ltr'><strong>signa</strong></span> <span class='ocrx_word' id='word_1_211' title='bbox 908 2667 991 2728; x_wconf 89' lang='lat' dir='ltr'><strong>esse,</strong></span> <span class='ocrx_word' id='word_1_212' title='bbox 1017 2651 1191 2735; x_wconf 87' lang='lat' dir='ltr'><strong>epistotam</strong></span> <span class='ocrx_word' id='word_1_213' title='bbox 1206 2670 1248 2717; x_wconf 92' lang='lat' dir='ltr'><strong>en</strong></span> <span class='ocrx_word' id='word_1_214' title='bbox 1266 2656 1413 2734; x_wconf 88' lang='lat' dir='ltr'><strong>tempore</strong></span> <span class='ocrx_word' id='word_1_215' title='bbox 1430 2653 1586 2735; x_wconf 88' lang='lat' dir='ltr'><strong>scriptam</strong></span> <span class='ocrx_word' id='word_1_216' title='bbox 1597 2668 1681 2728; x_wconf 89' lang='lat' dir='ltr'><strong>esse,</strong></span> <span class='ocrx_word' id='word_1_217' title='bbox 1705 2650 1763 2717; x_wconf 91' lang='lat' dir='ltr'><strong>uhi</strong></span> 
     </span>
     <span class='ocr_line' id='line_1_22' title="bbox 318 2750 1763 2836; baseline 0 -18"><span class='ocrx_word' id='word_1_218' title='bbox 318 2793 321 2802; x_wconf 87' lang='lat'>·</span> <span class='ocrx_word' id='word_1_219' title='bbox 347 2754 514 2836; x_wconf 71' lang='lat' dir='ltr'><strong>ignatius,</strong></span> <span class='ocrx_word' id='word_1_220' title='bbox 548 2752 749 2834; x_wconf 77' lang='lat' dir='ltr'><strong>Potycarpus</strong></span> <span class='ocrx_word' id='word_1_221' title='bbox 782 2750 904 2834; x_wconf 86' lang='lat' dir='ltr'><strong>aliique</strong></span> <span class='ocrx_word' id='word_1_222' title='bbox 936 2758 1045 2836; x_wconf 86' lang='lat' dir='ltr'><strong>patres</strong></span> <span class='ocrx_word' id='word_1_223' title='bbox 1073 2755 1246 2835; x_wconf 87' lang='lat' dir='ltr'><strong>apostotici</strong></span> <span class='ocrx_word' id='word_1_224' title='bbox 1279 2755 1341 2821; x_wconf 90' lang='lat' dir='ltr'><strong>hac</strong></span> <span class='ocrx_word' id='word_1_225' title='bbox 1373 2754 1538 2820; x_wconf 86' lang='lat' dir='ltr'><strong>scribendi</strong></span> <span class='ocrx_word' id='word_1_226' title='bbox 1563 2756 1693 2821; x_wconf 87' lang='lat' dir='ltr'><strong>ratione</strong></span> <span class='ocrx_word' id='word_1_227' title='bbox 1716 2755 1763 2820; x_wconf 91' lang='lat' dir='ltr'><strong>uti</strong></span> 
     </span>
     <span class='ocr_line' id='line_1_23' title="bbox 349 2842 1762 2946; baseline 0 -23"><span class='ocrx_word' id='word_1_228' title='bbox 349 2858 503 2923; x_wconf 85' lang='lat' dir='ltr'><strong>solerent.</strong></span> <span class='ocrx_word' id='word_1_229' title='bbox 552 2853 703 2937; x_wconf 87' lang='lat' dir='ltr'><strong>Denique</strong></span> <span class='ocrx_word' id='word_1_230' title='bbox 727 2855 830 2922; x_wconf 90' lang='lat' dir='ltr'><strong>verha</strong></span> <span class='ocrx_word' id='word_1_231' title='bbox 854 2842 1083 2945; x_wconf 76' lang='grc' dir='ltr'><strong>εὐαγγέλιόν</strong></span> <span class='ocrx_word' id='word_1_232' title='bbox 1107 2881 1176 2946; x_wconf 86' lang='grc' dir='ltr'><strong>μου</strong></span> <span class='ocrx_word' id='word_1_233' title='bbox 1201 2851 1251 2945; x_wconf 82' lang='lat' dir='ltr'><strong>(ii,</strong></span> <span class='ocrx_word' id='word_1_234' title='bbox 1277 2850 1311 2944; x_wconf 91' lang='grc'><strong>7)</strong></span> <span class='ocrx_word' id='word_1_235' title='bbox 1338 2861 1450 2938; x_wconf 89' lang='lat' dir='ltr'><strong>aperte</strong></span> <span class='ocrx_word' id='word_1_236' title='bbox 1472 2858 1631 2940; x_wconf 89' lang='lat' dir='ltr'><strong>scriptum</strong></span> <span class='ocrx_word' id='word_1_237' title='bbox 1654 2857 1762 2924; x_wconf 82' lang='lat' dir='ltr'><strong>Lucae</strong></span> 
     </span>
     <span class='ocr_line' id='line_1_24' title="bbox 349 2960 850 3041; baseline -0.006 -16"><span class='ocrx_word' id='word_1_238' title='bbox 349 2960 555 3041; x_wconf 75' lang='lat' dir='ltr'><strong>evangelium</strong></span> <span class='ocrx_word' id='word_1_239' title='bbox 580 2965 850 3025; x_wconf 87' lang='lat' dir='ltr'><strong>commonstrare.</strong></span> 
     </span>
    </p>

    <p class='ocr_par' dir='ltr' id='par_1_7' title="bbox 349 3050 1762 3247">
     <span class='ocr_line' id='line_1_25' title="bbox 461 3050 1762 3144; baseline -0.003 -16"><span class='ocrx_word' id='word_1_240' title='bbox 461 3054 496 3128; x_wconf 87' lang='lat'><strong>5.</strong></span> <span class='ocrx_word' id='word_1_241' title='bbox 548 3059 693 3128; x_wconf 88' lang='lat' dir='ltr'><strong>Credner</strong></span> <span class='ocrx_word' id='word_1_242' title='bbox 717 3067 752 3126; x_wconf 90' lang='lat' dir='ltr'><strong>nt</strong></span> <span class='ocrx_word' id='word_1_243' title='bbox 778 3076 878 3144; x_wconf 90' lang='lat' dir='ltr'><strong>snpra</strong></span> <span class='ocrx_word' id='word_1_244' title='bbox 899 3075 972 3141; x_wconf 77' lang='lat' dir='ltr'><strong>pag.</strong></span> <span class='ocrx_word' id='word_1_245' title='bbox 998 3050 1045 3126; x_wconf 89' lang='lat'><strong>21</strong></span> <span class='ocrx_word' id='word_1_246' title='bbox 1069 3077 1118 3143; x_wconf 87' lang='lat' dir='ltr'><strong>sq.</strong></span> <span class='ocrx_word' id='word_1_247' title='bbox 1140 3061 1280 3144; x_wconf 88' lang='lat' dir='ltr'><strong>exposui</strong></span> <span class='ocrx_word' id='word_1_248' title='bbox 1305 3061 1478 3144; x_wconf 87' lang='lat' dir='ltr'><strong>epistotam</strong></span> <span class='ocrx_word' id='word_1_249' title='bbox 1503 3063 1537 3128; x_wconf 96' lang='lat' dir='ltr'><strong>in</strong></span> <span class='ocrx_word' id='word_1_250' title='bbox 1564 3062 1645 3128; x_wconf 88' lang='lat' dir='ltr'><strong>duas</strong></span> <span class='ocrx_word' id='word_1_251' title='bbox 1677 3060 1762 3126; x_wconf 87' lang='lat' dir='ltr'><strong>divi-</strong></span> 
     </span>
     <span class='ocr_line' id='line_1_26' title="bbox 349 3162 1762 3247; baseline 0.001 -19"><span class='ocrx_word' id='word_1_252' title='bbox 349 3164 396 3230; x_wconf 88' lang='lat' dir='ltr'><strong>dit</strong></span> <span class='ocrx_word' id='word_1_253' title='bbox 417 3171 451 3230; x_wconf 87' lang='lat' dir='ltr'><strong>et</strong></span> <span class='ocrx_word' id='word_1_254' title='bbox 475 3168 648 3246; x_wconf 84' lang='lat' dir='ltr'><strong>utramque</strong></span> <span class='ocrx_word' id='word_1_255' title='bbox 670 3169 785 3247; x_wconf 86' lang='lat' dir='ltr'><strong>postea</strong></span> <span class='ocrx_word' id='word_1_256' title='bbox 809 3162 1036 3231; x_wconf 88' lang='lat' dir='ltr'><strong>additamentis</strong></span> <span class='ocrx_word' id='word_1_257' title='bbox 1059 3167 1190 3230; x_wconf 73' lang='lat' dir='ltr'><strong>aucum</strong></span> <span class='ocrx_word' id='word_1_258' title='bbox 1216 3180 1288 3231; x_wconf 88' lang='lat' dir='ltr'><strong>esse</strong></span> <span class='ocrx_word' id='word_1_259' title='bbox 1311 3165 1488 3242; x_wconf 88' lang='lat' dir='ltr'><strong>contendit,</strong></span> <span class='ocrx_word' id='word_1_260' title='bbox 1514 3165 1631 3246; x_wconf 83' lang='lat' dir='ltr'><strong>quihus</strong></span> <span class='ocrx_word' id='word_1_261' title='bbox 1651 3164 1762 3246; x_wconf 76' lang='lat' dir='ltr'><strong>eiectis</strong></span> 
     </span>
    </p>
   </div>
   <div class='ocr_carea' id='block_1_5' title="bbox 213 3265 1763 3350">
    <p class='ocr_par' dir='ltr' id='par_1_8' title="bbox 213 3265 1763 3350">
     <span class='ocr_line' id='line_1_27' title="bbox 213 3265 1763 3350; baseline 0.001 -20"><span class='ocrx_word' id='word_1_262' title='bbox 213 3297 226 3306; x_wconf 89' lang='lat'><em>-</em></span> <span class='ocrx_word' id='word_1_263' title='bbox 349 3266 433 3332; x_wconf 83' lang='lat' dir='ltr'><strong>duae</strong></span> <span class='ocrx_word' id='word_1_264' title='bbox 458 3268 621 3348; x_wconf 77' lang='lat' dir='ltr'><strong>genuinae</strong></span> <span class='ocrx_word' id='word_1_265' title='bbox 645 3267 739 3334; x_wconf 88' lang='lat' dir='ltr'><strong>Pauti</strong></span> <span class='ocrx_word' id='word_1_266' title='bbox 764 3267 923 3349; x_wconf 88' lang='lat' dir='ltr'><strong>epistotae</strong></span> <span class='ocrx_word' id='word_1_267' title='bbox 946 3265 1182 3348; x_wconf 86' lang='lat' dir='ltr'><strong>relinquantur,</strong></span> <span class='ocrx_word' id='word_1_268' title='bbox 1205 3267 1247 3332; x_wconf 89' lang='lat' dir='ltr'><strong>ah</strong></span> <span class='ocrx_word' id='word_1_269' title='bbox 1273 3285 1316 3335; x_wconf 88' lang='lat' dir='ltr'><strong>eo</strong></span> <span class='ocrx_word' id='word_1_270' title='bbox 1341 3267 1479 3336; x_wconf 83' lang='lat' dir='ltr'><strong>dirersis</strong></span> <span class='ocrx_word' id='word_1_271' title='bbox 1500 3267 1702 3350; x_wconf 81' lang='lat' dir='ltr'><strong>temporibus</strong></span> <span class='ocrx_word' id='word_1_272' title='bbox 1720 3265 1763 3334; x_wconf 91' lang='lat' dir='ltr'><strong>ad</strong></span> 
     </span>
    </p>
   </div>
   <div class='ocr_carea' id='block_1_6' title="bbox 300 3358 1792 4787">
    <p class='ocr_par' dir='ltr' id='par_1_9' title="bbox 350 3358 1221 3458">
     <span class='ocr_line' id='line_1_28' title="bbox 350 3358 1221 3458; baseline 0 -24"><span class='ocrx_word' id='word_1_273' title='bbox 350 3370 557 3458; x_wconf 85' lang='lat' dir='ltr'><strong>Timotheum</strong></span> <span class='ocrx_word' id='word_1_274' title='bbox 583 3358 722 3436; x_wconf 72' lang='lat' dir='ltr'><strong>Romani</strong></span> <span class='ocrx_word' id='word_1_275' title='bbox 749 3368 981 3435; x_wconf 89' lang='lat' dir='ltr'><strong>arcessendum</strong></span> <span class='ocrx_word' id='word_1_276' title='bbox 1004 3370 1221 3451; x_wconf 88' lang='lat' dir='ltr'><strong>conscriptae.</strong></span> 
     </span>
    </p>

    <p class='ocr_par' dir='ltr' id='par_1_10' title="bbox 300 3466 1792 4689">
     <span class='ocr_line' id='line_1_29' title="bbox 463 3466 1761 3555; baseline -0.003 -15"><span class='ocrx_word' id='word_1_277' title='bbox 463 3466 496 3540; x_wconf 87' lang='lat'><strong>6.</strong></span> <span class='ocrx_word' id='word_1_278' title='bbox 548 3472 742 3540; x_wconf 84' lang='lat' dir='ltr'><strong>Neudeoher</strong></span> <span class='ocrx_word' id='word_1_279' title='bbox 773 3473 915 3555; x_wconf 91' lang='lat' dir='ltr'><strong>primum</strong></span> <span class='ocrx_word' id='word_1_280' title='bbox 939 3471 1033 3548; x_wconf 91' lang='lat' dir='ltr'><strong>dicit,</strong></span> <span class='ocrx_word' id='word_1_281' title='bbox 1058 3472 1214 3551; x_wconf 83' lang='lat' dir='ltr'><strong>Paulum,</strong></span> <span class='ocrx_word' id='word_1_282' title='bbox 1239 3473 1295 3553; x_wconf 86' lang='lat' dir='ltr'><strong>qui</strong></span> <span class='ocrx_word' id='word_1_283' title='bbox 1320 3487 1357 3539; x_wconf 90' lang='lat' dir='ltr'><strong>se</strong></span> <span class='ocrx_word' id='word_1_284' title='bbox 1383 3471 1542 3554; x_wconf 89' lang='lat' dir='ltr'><strong>epistotae</strong></span> <span class='ocrx_word' id='word_1_285' title='bbox 1565 3472 1761 3554; x_wconf 90' lang='lat' dir='ltr'><strong>scriptorem</strong></span> 
     </span>
     <span class='ocr_line' id='line_1_30' title="bbox 350 3574 1792 3658; baseline 0.001 -20"><span class='ocrx_word' id='word_1_286' title='bbox 350 3575 515 3655; x_wconf 87' lang='lat' dir='ltr'><strong>nominet,</strong></span> <span class='ocrx_word' id='word_1_287' title='bbox 545 3577 727 3658; x_wconf 81' lang='lat' dir='ltr'><strong>praemissa</strong></span> <span class='ocrx_word' id='word_1_288' title='bbox 760 3577 864 3642; x_wconf 89' lang='lat' dir='ltr'><strong>satute</strong></span> <span class='ocrx_word' id='word_1_289' title='bbox 891 3574 1071 3656; x_wconf 86' lang='lat' dir='ltr'><strong>apostolica</strong></span> <span class='ocrx_word' id='word_1_290' title='bbox 1106 3575 1280 3642; x_wconf 89' lang='lat' dir='ltr'><strong>Timotheo</strong></span> <span class='ocrx_word' id='word_1_291' title='bbox 1308 3591 1458 3641; x_wconf 90' lang='lat' dir='ltr'><strong>amorem</strong></span> <span class='ocrx_word' id='word_1_292' title='bbox 1490 3574 1641 3641; x_wconf 89' lang='lat' dir='ltr'><strong>intimum</strong></span> <span class='ocrx_word' id='word_1_293' title='bbox 1670 3575 1792 3658; x_wconf 29' lang='lat' dir='ltr'><strong>testi-⁸</strong></span> 
     </span>
     <span class='ocr_line' id='line_1_31' title="bbox 350 3677 1762 3760; baseline 0.001 -18"><span class='ocrx_word' id='word_1_294' title='bbox 350 3679 497 3758; x_wconf 84' lang='lat' dir='ltr'><strong>ficetum,</strong></span> <span class='ocrx_word' id='word_1_295' title='bbox 532 3679 700 3746; x_wconf 85' lang='lat' dir='ltr'><strong>adhortari</strong></span> <span class='ocrx_word' id='word_1_296' title='bbox 727 3678 768 3745; x_wconf 93' lang='lat' dir='ltr'><strong>ad</strong></span> <span class='ocrx_word' id='word_1_297' title='bbox 793 3678 999 3759; x_wconf 77' lang='lat' dir='ltr'><strong>evangelium</strong></span> <span class='ocrx_word' id='word_1_298' title='bbox 1024 3684 1213 3746; x_wconf 85' lang='lat' dir='ltr'><strong>constanter</strong></span> <span class='ocrx_word' id='word_1_299' title='bbox 1237 3678 1511 3760; x_wconf 89' lang='lat' dir='ltr'><strong>praedicandum,</strong></span> <span class='ocrx_word' id='word_1_300' title='bbox 1537 3677 1655 3745; x_wconf 89' lang='lat' dir='ltr'><strong>deinde</strong></span> <span class='ocrx_word' id='word_1_301' title='bbox 1680 3682 1717 3744; x_wconf 88' lang='lat' dir='ltr'><strong>ut</strong></span> <span class='ocrx_word' id='word_1_302' title='bbox 1741 3695 1762 3744; x_wconf 87' lang='lat' dir='ltr'><strong>a</strong></span> 
     </span>
     <span class='ocr_line' id='line_1_32' title="bbox 300 3781 1762 3864; baseline 0.001 -19"><span class='ocrx_word' id='word_1_303' title='bbox 300 3803 308 3822; x_wconf 75' lang='lat'>=</span> <span class='ocrx_word' id='word_1_304' title='bbox 349 3783 595 3862; x_wconf 83' lang='lat' dir='ltr'><strong>quaestionibus</strong></span> <span class='ocrx_word' id='word_1_305' title='bbox 627 3783 727 3848; x_wconf 90' lang='lat' dir='ltr'><strong>irritis</strong></span> <span class='ocrx_word' id='word_1_306' title='bbox 762 3783 920 3862; x_wconf 77' lang='lat' dir='ltr'><strong>vanhque</strong></span> <span class='ocrx_word' id='word_1_307' title='bbox 950 3785 984 3846; x_wconf 88' lang='lat' dir='ltr'><strong>et</strong></span> <span class='ocrx_word' id='word_1_308' title='bbox 1017 3781 1154 3848; x_wconf 87' lang='lat' dir='ltr'><strong>aiaisis</strong></span> <span class='ocrx_word' id='word_1_309' title='bbox 1180 3781 1369 3848; x_wconf 84' lang='lat' dir='ltr'><strong>doctoribus</strong></span> <span class='ocrx_word' id='word_1_310' title='bbox 1397 3796 1579 3861; x_wconf 86' lang='lat' dir='ltr'><strong>eorumque</strong></span> <span class='ocrx_word' id='word_1_311' title='bbox 1603 3781 1762 3864; x_wconf 87' lang='lat' dir='ltr'><strong>pravitate</strong></span> 
     </span>
     <span class='ocr_line' id='line_1_33' title="bbox 348 3882 1762 3968; baseline 0.001 -20"><span class='ocrx_word' id='word_1_312' title='bbox 348 3892 482 3964; x_wconf 84' lang='lat' dir='ltr'><strong>caveat,</strong></span> <span class='ocrx_word' id='word_1_313' title='bbox 517 3886 656 3968; x_wconf 86' lang='lat' dir='ltr'><strong>repetita</strong></span> <span class='ocrx_word' id='word_1_314' title='bbox 679 3885 821 3968; x_wconf 90' lang='lat' dir='ltr'><strong>denique</strong></span> <span class='ocrx_word' id='word_1_315' title='bbox 846 3883 1076 3951; x_wconf 84' lang='lat' dir='ltr'><strong>adhortatione</strong></span> <span class='ocrx_word' id='word_1_316' title='bbox 1098 3884 1308 3950; x_wconf 88' lang='lat' dir='ltr'><strong>Timotheum</strong></span> <span class='ocrx_word' id='word_1_317' title='bbox 1331 3885 1431 3952; x_wconf 83' lang='lat' dir='ltr'><strong>variis</strong></span> <span class='ocrx_word' id='word_1_318' title='bbox 1452 3882 1614 3949; x_wconf 89' lang='lat' dir='ltr'><strong>mandatis</strong></span> <span class='ocrx_word' id='word_1_319' title='bbox 1639 3885 1762 3967; x_wconf 90' lang='lat' dir='ltr'><strong>imper·</strong></span> 
     </span>
     <span class='ocr_line' id='line_1_34' title="bbox 348 3986 1762 4069; baseline 0.001 -20"><span class='ocrx_word' id='word_1_320' title='bbox 348 3987 441 4054; x_wconf 89' lang='lat' dir='ltr'><strong>titum</strong></span> <span class='ocrx_word' id='word_1_321' title='bbox 464 3988 506 4056; x_wconf 84' lang='lat' dir='ltr'><strong>ad</strong></span> <span class='ocrx_word' id='word_1_322' title='bbox 528 4006 565 4055; x_wconf 91' lang='lat' dir='ltr'><strong>se</strong></span> <span class='ocrx_word' id='word_1_323' title='bbox 591 4006 730 4065; x_wconf 85' lang='lat' dir='ltr'><strong>vocare;</strong></span> <span class='ocrx_word' id='word_1_324' title='bbox 760 3988 820 4054; x_wconf 88' lang='lat' dir='ltr'><strong>sed</strong></span> <span class='ocrx_word' id='word_1_325' title='bbox 844 3988 909 4053; x_wconf 91' lang='lat' dir='ltr'><strong>hoo</strong></span> <span class='ocrx_word' id='word_1_326' title='bbox 932 3991 1160 4069; x_wconf 82' lang='lat' dir='ltr'><strong>argumentum</strong></span> <span class='ocrx_word' id='word_1_327' title='bbox 1181 3987 1341 4069; x_wconf 88' lang='lat' dir='ltr'><strong>epistotae</strong></span> <span class='ocrx_word' id='word_1_328' title='bbox 1366 3986 1522 4062; x_wconf 88' lang='lat' dir='ltr'><strong>consitio,</strong></span> <span class='ocrx_word' id='word_1_329' title='bbox 1548 4003 1615 4067; x_wconf 83' lang='lat' dir='ltr'><strong>quo</strong></span> <span class='ocrx_word' id='word_1_330' title='bbox 1640 3987 1762 4067; x_wconf 87' lang='lat' dir='ltr'><strong>scripta</strong></span> 
     </span>
     <span class='ocr_line' id='line_1_35' title="bbox 349 4087 1759 4173; baseline 0.003 -21"><span class='ocrx_word' id='word_1_331' title='bbox 349 4105 422 4154; x_wconf 87' lang='lat' dir='ltr'><strong>esse</strong></span> <span class='ocrx_word' id='word_1_332' title='bbox 448 4092 535 4169; x_wconf 85' lang='lat' dir='ltr'><strong>vetit,</strong></span> <span class='ocrx_word' id='word_1_333' title='bbox 560 4109 627 4158; x_wconf 91' lang='lat' dir='ltr'><strong>non</strong></span> <span class='ocrx_word' id='word_1_334' title='bbox 649 4091 850 4173; x_wconf 90' lang='lat' dir='ltr'><strong>respondere</strong></span> <span class='ocrx_word' id='word_1_335' title='bbox 870 4089 1048 4166; x_wconf 86' lang='lat' dir='ltr'><strong>contendit,</strong></span> <span class='ocrx_word' id='word_1_336' title='bbox 1073 4106 1135 4154; x_wconf 90' lang='lat' dir='ltr'><strong>nec</strong></span> <span class='ocrx_word' id='word_1_337' title='bbox 1158 4107 1200 4156; x_wconf 89' lang='lat' dir='ltr'><strong>ea</strong></span> <span class='ocrx_word' id='word_1_338' title='bbox 1217 4091 1357 4169; x_wconf 85' lang='lat' dir='ltr'><strong>ratione,</strong></span> <span class='ocrx_word' id='word_1_339' title='bbox 1378 4106 1477 4172; x_wconf 85' lang='lat' dir='ltr'><strong>quam</strong></span> <span class='ocrx_word' id='word_1_340' title='bbox 1497 4087 1539 4151; x_wconf 88' lang='lat' dir='ltr'><strong>de</strong></span> <span class='ocrx_word' id='word_1_341' title='bbox 1552 4089 1662 4156; x_wconf 79' lang='lat' dir='ltr'><strong>&#39;Wette</strong></span> <span class='ocrx_word' id='word_1_342' title='bbox 1679 4105 1759 4172; x_wconf 92' lang='lat' dir='ltr'><strong>pro·</strong></span> 
     </span>
     <span class='ocr_line' id='line_1_36' title="bbox 349 4191 1760 4276; baseline -0.001 -18"><span class='ocrx_word' id='word_1_343' title='bbox 349 4194 496 4272; x_wconf 89' lang='lat' dir='ltr'><strong>posuerit</strong></span> <span class='ocrx_word' id='word_1_344' title='bbox 517 4195 604 4260; x_wconf 85' lang='lat' dir='ltr'><strong>hane</strong></span> <span class='ocrx_word' id='word_1_345' title='bbox 625 4194 820 4276; x_wconf 88' lang='lat' dir='ltr'><strong>suspicionis</strong></span> <span class='ocrx_word' id='word_1_346' title='bbox 844 4210 978 4259; x_wconf 85' lang='lat' dir='ltr'><strong>causam</strong></span> <span class='ocrx_word' id='word_1_347' title='bbox 1004 4192 1085 4270; x_wconf 88' lang='lat' dir='ltr'><strong>totti,</strong></span> <span class='ocrx_word' id='word_1_348' title='bbox 1110 4210 1195 4274; x_wconf 81' lang='lat' dir='ltr'><strong>quae</strong></span> <span class='ocrx_word' id='word_1_349' title='bbox 1217 4198 1351 4260; x_wconf 87' lang='lat' dir='ltr'><strong>nostrae</strong></span> <span class='ocrx_word' id='word_1_350' title='bbox 1375 4191 1533 4276; x_wconf 88' lang='lat' dir='ltr'><strong>epistotae</strong></span> <span class='ocrx_word' id='word_1_351' title='bbox 1558 4192 1642 4258; x_wconf 90' lang='lat' dir='ltr'><strong>sicut</strong></span> <span class='ocrx_word' id='word_1_352' title='bbox 1667 4194 1760 4275; x_wconf 92' lang='lat' dir='ltr'><strong>prio·</strong></span> 
     </span>
     <span class='ocr_line' id='line_1_37' title="bbox 349 4295 1762 4380; baseline 0.001 -21"><span class='ocrx_word' id='word_1_353' title='bbox 349 4296 393 4359; x_wconf 91' lang='lat' dir='ltr'><strong>ris</strong></span> <span class='ocrx_word' id='word_1_354' title='bbox 417 4295 459 4362; x_wconf 89' lang='lat' dir='ltr'><strong>ad</strong></span> <span class='ocrx_word' id='word_1_355' title='bbox 481 4296 688 4364; x_wconf 91' lang='lat' dir='ltr'><strong>Timotheum</strong></span> <span class='ocrx_word' id='word_1_356' title='bbox 710 4297 752 4363; x_wconf 88' lang='lat' dir='ltr'><strong>sit</strong></span> <span class='ocrx_word' id='word_1_357' title='bbox 776 4296 922 4380; x_wconf 86' lang='lat' dir='ltr'><strong>propria,</strong></span> <span class='ocrx_word' id='word_1_358' title='bbox 946 4313 1049 4377; x_wconf 79' lang='lat' dir='ltr'><strong>quum</strong></span> <span class='ocrx_word' id='word_1_359' title='bbox 1071 4295 1253 4362; x_wconf 88' lang='lat' dir='ltr'><strong>secundum</strong></span> <span class='ocrx_word' id='word_1_360' title='bbox 1276 4300 1503 4378; x_wconf 79' lang='lat' dir='ltr'><strong>argumentum</strong></span> <span class='ocrx_word' id='word_1_361' title='bbox 1526 4295 1704 4377; x_wconf 86' lang='lat' dir='ltr'><strong>epistotae,</strong></span> <span class='ocrx_word' id='word_1_362' title='bbox 1725 4299 1762 4361; x_wconf 92' lang='lat' dir='ltr'><strong>ut</strong></span> 
     </span>
     <span class='ocr_line' id='line_1_38' title="bbox 349 4385 1759 4481; baseline 0 -18"><span class='ocrx_word' id='word_1_363' title='bbox 349 4385 481 4466; x_wconf 88' lang='lat' dir='ltr'><strong>maneat</strong></span> <span class='ocrx_word' id='word_1_364' title='bbox 501 4399 557 4464; x_wconf 89' lang='lat' dir='ltr'><strong>uhi</strong></span> <span class='ocrx_word' id='word_1_365' title='bbox 583 4405 662 4466; x_wconf 88' lang='lat' dir='ltr'><strong>tuno</strong></span> <span class='ocrx_word' id='word_1_366' title='bbox 687 4399 784 4466; x_wconf 86' lang='lat' dir='ltr'><strong>inerit</strong></span> <span class='ocrx_word' id='word_1_367' title='bbox 807 4399 989 4480; x_wconf 86' lang='lat' dir='ltr'><strong>seduloque</strong></span> <span class='ocrx_word' id='word_1_368' title='bbox 1015 4398 1224 4481; x_wconf 89' lang='lat' dir='ltr'><strong>praedicandi</strong></span> <span class='ocrx_word' id='word_1_369' title='bbox 1246 4400 1357 4466; x_wconf 83' lang='lat' dir='ltr'><strong>officio</strong></span> <span class='ocrx_word' id='word_1_370' title='bbox 1372 4399 1536 4480; x_wconf 75' lang='lat' dir='ltr'><strong>iungatur,</strong></span> <span class='ocrx_word' id='word_1_371' title='bbox 1553 4398 1759 4464; x_wconf 90' lang='lat' dir='ltr'><strong>Timotheum</strong></span> 
     </span>
     <span class='ocr_line' id='line_1_39' title="bbox 348 4499 1761 4585; baseline 0 -19"><span class='ocrx_word' id='word_1_372' title='bbox 348 4501 469 4567; x_wconf 82' lang='lat' dir='ltr'><strong>Paulus</strong></span> <span class='ocrx_word' id='word_1_373' title='bbox 495 4503 620 4569; x_wconf 89' lang='lat' dir='ltr'><strong>hortari</strong></span> <span class='ocrx_word' id='word_1_374' title='bbox 648 4503 814 4580; x_wconf 86' lang='lat' dir='ltr'><strong>dehnerit,</strong></span> <span class='ocrx_word' id='word_1_375' title='bbox 845 4505 878 4569; x_wconf 89' lang='lat' dir='ltr'><strong>at</strong></span> <span class='ocrx_word' id='word_1_376' title='bbox 901 4520 971 4570; x_wconf 93' lang='lat' dir='ltr'><strong>non</strong></span> <span class='ocrx_word' id='word_1_377' title='bbox 995 4501 1037 4567; x_wconf 90' lang='lat' dir='ltr'><strong>ad</strong></span> <span class='ocrx_word' id='word_1_378' title='bbox 1062 4518 1098 4568; x_wconf 91' lang='lat' dir='ltr'><strong>se</strong></span> <span class='ocrx_word' id='word_1_379' title='bbox 1120 4518 1251 4568; x_wconf 86' lang='lat' dir='ltr'><strong>vocare.</strong></span> <span class='ocrx_word' id='word_1_380' title='bbox 1280 4503 1433 4585; x_wconf 68' lang='lat' dir='ltr'><strong>&#39;Reiecta</strong></span> <span class='ocrx_word' id='word_1_381' title='bbox 1452 4499 1570 4565; x_wconf 90' lang='lat' dir='ltr'><strong>deinde</strong></span> <span class='ocrx_word' id='word_1_382' title='bbox 1604 4499 1761 4568; x_wconf 84' lang='lat' dir='ltr'><strong>Gredneri</strong></span> 
     </span>
     <span class='ocr_line' id='line_1_40' title="bbox 349 4603 1539 4689; baseline -0.003 -19"><span class='ocrx_word' id='word_1_383' title='bbox 349 4604 518 4682; x_wconf 83' lang='lat' dir='ltr'><strong>sententia,</strong></span> <span class='ocrx_word' id='word_1_384' title='bbox 542 4606 754 4686; x_wconf 85' lang='lat' dir='ltr'><strong>compilatam</strong></span> <span class='ocrx_word' id='word_1_385' title='bbox 779 4606 1047 4689; x_wconf 78' lang='lat' dir='ltr'><strong>suppositamque</strong></span> <span class='ocrx_word' id='word_1_386' title='bbox 1074 4605 1244 4687; x_wconf 85' lang='lat' dir='ltr'><strong>epistotam</strong></span> <span class='ocrx_word' id='word_1_387' title='bbox 1265 4621 1338 4671; x_wconf 89' lang='lat' dir='ltr'><strong>esse</strong></span> <span class='ocrx_word' id='word_1_388' title='bbox 1364 4603 1539 4671; x_wconf 81' lang='lat' dir='ltr'><strong>contendit</strong></span> 
     </span>
    </p>

    <p class='ocr_par' dir='ltr' id='par_1_11' title="bbox 469 4701 1758 4787">
     <span class='ocr_line' id='line_1_41' title="bbox 469 4701 1758 4787; baseline -0.002 -15"><span class='ocrx_word' id='word_1_389' title='bbox 469 4711 551 4774; x_wconf 79' lang='lat' dir='ltr'><strong>Ante</strong></span> <span class='ocrx_word' id='word_1_390' title='bbox 586 4709 699 4773; x_wconf 91' lang='lat' dir='ltr'><strong>omnia</strong></span> <span class='ocrx_word' id='word_1_391' title='bbox 726 4711 761 4774; x_wconf 93' lang='lat' dir='ltr'><strong>in</strong></span> <span class='ocrx_word' id='word_1_392' title='bbox 788 4708 1034 4775; x_wconf 82' lang='lat' dir='ltr'><strong>considerandis</strong></span> <span class='ocrx_word' id='word_1_393' title='bbox 1067 4708 1156 4774; x_wconf 89' lang='lat' dir='ltr'><strong>hisce</strong></span> <span class='ocrx_word' id='word_1_394' title='bbox 1182 4701 1348 4777; x_wconf 85' lang='lat' dir='ltr'><strong>sententiis</strong></span> <span class='ocrx_word' id='word_1_395' title='bbox 1373 4707 1549 4775; x_wconf 90' lang='lat' dir='ltr'><strong>tenendum</strong></span> <span class='ocrx_word' id='word_1_396' title='bbox 1574 4712 1641 4784; x_wconf 89' lang='lat' dir='ltr'><strong>est,</strong></span> <span class='ocrx_word' id='word_1_397' title='bbox 1670 4702 1758 4787; x_wconf 88' lang='lat' dir='ltr'><strong>quod</strong></span> 
     </span>
    </p>
   </div>
   <div class='ocr_carea' id='block_1_7' title="bbox 1456 4835 1475 4896">
    <p class='ocr_par' dir='ltr' id='par_1_12' title="bbox 1456 4835 1475 4896">
     <span class='ocr_line' id='line_1_42' title="bbox 1456 4835 1475 4896; baseline 0 0"><span class='ocrx_word' id='word_1_398' title='bbox 1456 4835 1475 4896; x_wconf 83' lang='lat'>5</span> 
     </span>
    </p>
   </div>
   <div class='ocr_carea' id='block_1_8' title="bbox 0 0 2180 5586">
    <p class='ocr_par' dir='ltr' id='par_1_13' title="bbox 0 0 2180 5586">
     <span class='ocr_line' id='line_1_43' title="bbox 0 0 2180 5586; baseline 0 0"><span class='ocrx_word' id='word_1_399' title='bbox 0 0 2180 5586; x_wconf 95' lang='lat' dir='ltr'><strong> </strong></span> 
     </span>
    </p>
   </div>
  </div>
 </body>
</html>
