4350 5586
944 510 1106 573 ,13

380 689 521 768 Paulus,
545 690 658 754 reticta
683 686 834 770 Epheso,
858 685 987 752 Troade
1013 687 1121 752 Titum
1147 687 1268 754 frustra
1289 696 1457 772 exspectat
1483 687 1532 778 (il.
1559 691 1634 759 Cor.
1660 693 1700 771 li,
1729 688 1797 783 12),
1882 676 1883 683 ἵ

381 796 415 857 iu
441 791 670 859 Macedoniam
696 790 817 873 pergit,
852 791 907 855 ubi
932 791 1005 854 Tito
1032 791 1183 868 invento,
1220 796 1252 855 et
1282 791 1476 873 Timotheo,
1513 812 1610 877 quem
1634 798 1705 863 siue
1730 799 1799 864 uita

381 914 481 962 causa
513 894 634 978 Ephesi
671 893 866 974 reliquerat,
901 900 1024 958 rursus·
1047 893 1089 957 ad
1117 897 1317 982 sevocato,
1350 895 1389 961 ii.
1417 894 1493 962 Cor.
1518 899 1647 982 scripsit
1671 905 1704 964 et
1728 907 1797 966 tum

383 1003 555 1081 peragrata
588 994 785 1062 Macedonia
815 994 1008 1062 Corinthum
1038 996 1152 1077 attigit
1219 995 1346 1077 Quibus
1378 998 1590 1066 consideratis
1623 1001 1678 1067 vix
1711 1020 1797 1069 non-

382 1102 492 1167 nullae
516 1098 744 1165 hebdomadae
767 1099 851 1163 iuter
876 1100 968 1164 Pauli
995 1098 1232 1181 protectionem
1258 1104 1290 1165 et
1311 1101 1349 1166 ii.
1370 1099 1673 1186 conscriptionem
1694 1106 1798 1171 iuter·

378 1205 486 1286 J'cctac
512 1221 584 1268 csse
609 1207 747 1285 possunt
774 1208 806 1265 et
830 1201 900 1270 sive
926 1202 958 1265 in
984 1202 1101 1267 itinere
1127 1201 1170 1266 ad
1194 1202 1424 1269 Macedoniam
1449 1206 1519 1272 sive
1543 1208 1577 1272 in
1602 1205 1798 1275 Macedonia
1851 1268 1853 1271 ,

382 1308 454 1388 ipsa
471 1308 626 1388 scriptam
643 1304 815 1387 epistotam
835 1304 858 1369 Ι.
881 1303 922 1369 ad
939 1304 1023 1368 Tim.
1043 1309 1075 1370 et
1090 1304 1188 1371 aliam
1213 1324 1279 1387 qua
1304 1305 1493 1373 Timotheus
1519 1326 1650 1374 rursum
1675 1328 1798 1377 avoca-

381 1415 433 1475 tus
459 1413 526 1486 est,
552 1407 735 1492 putaveris,
761 1408 817 1472 vix
834 1411 962 1490 tempus
988 1408 1207 1488 relinquetur,
1240 1414 1275 1473 ut
1300 1409 1383 1477 haec
1409 1411 1531 1491 omnia,
1557 1429 1642 1494 quae
1668 1429 1796 1481 memo·

382 1517 455 1578 rata
476 1515 569 1591 suut,
608 1510 681 1575 tieri
715 1510 850 1591 possint.
916 1508 1036 1575 Omnia
1062 1527 1142 1575 vero
1168 1510 1277 1578 faciiia
1304 1518 1335 1577 et
1362 1514 1517 1597 expedita
1542 1521 1628 1592 suut,
1653 1516 1681 1580 si
1707 1517 1798 1583 iiiam

382 1615 577 1696 hypothesin
608 1612 773 1696 reieceris.

501 1707 535 1782 3.
587 1715 636 1780 De
656 1715 765 1780 Wette
782 1713 924 1779 breviter
943 1716 1068 1778 tautum
1088 1713 1238 1793 ostendit,
1260 1733 1313 1782 ros
1330 1734 1411 1799 quas
1429 1709 1523 1783 initio
1539 1719 1698 1801 epistotae
1719 1737 1797 1786 uar-

382 1825 472 1885 ratae
499 1819 580 1897 siut,
614 1818 750 1882 minime
776 1816 819 1882 ad
844 1817 906 1882 iter
929 1816 1023 1883 Pauli
1048 1817 1300 1884 macedonicum
1325 1824 1395 1885 Act.
1419 1818 1503 1897 XX,
1533 1815 1551 1884 l
1576 1829 1796 1890 memoratum

382 1921 554 2004 quadrare.
607 1918 765 1987 Concedit
792 1918 935 2000 quidem,
960 1919 1031 1983 deri
1058 1919 1204 2002 potuisse
1229 1927 1265 1987 ut
1290 1923 1479 1987 Timotheus
1506 1927 1604 1990 antea
1629 1926 1663 1989 in
1691 1923 1795 1992 Grae-

382 2026 467 2092 ciam
493 2025 692 2109 praemissus
711 2022 877 2106 Ephesum
898 2026 974 2087 ante
992 2022 1084 2086 Pauli
1106 2023 1344 2105 prosectionem
1362 2029 1592 2103 reverteretur,
1618 2027 1677 2092 sed
1699 2029 1797 2111 plane

381 2146 401 2192 a
426 2129 595 2194 verisimili
622 2127 803 2192 abhorrere
829 2125 916 2204 dicit,
930 2124 1137 2190 Timotheum
1164 2130 1231 2191 tam
1256 2128 1322 2193 cito
1345 2128 1477 2211 Epheso
1513 2146 1625 2194 rursus
1652 2131 1796 2198 advoca·

382 2236 452 2296 tum
470 2249 542 2297 esse
561 2235 594 2296 et
613 2230 750 2294 Paulum
768 2245 902 2311 sperare
926 2228 1072 2309 potuisse
1099 2245 1135 2294 se
1156 2246 1236 2295 mox
1260 2228 1426 2314 Ephesum
1453 2248 1663 2298 reversurum
1686 2251 1768 2299 esse.

495 2327 529 2399 4.
559 2332 694 2398 7ὃοῐιοῑῑ
720 2332 860 2416 primum
886 2331 991 2413 rejicit
1016 2330 1192 2397 Mochemii
1216 2333 1427 2414 seutentiam,
1468 2335 1589 2417 quippe
1614 2335 1665 2401 cui
1688 2337 1796 2402 obstet

381 2437 471 2518 quod
492 2453 559 2502 uon
585 2441 789 2502 memoretur
810 2436 873 2500 iter
896 2434 977 2499 iliud
999 2434 1248 2500 macedonicum
1274 2436 1307 2501 iu
1325 2440 1407 2514 Act,
1432 2454 1494 2502 uec
1517 2438 1668 2503 concludi
1692 2441 1796 2522 possit

381 2556 423 2604 ex
443 2541 548 2605 verbo
574 2528 721 2635 τριετία
745 2541 816 2603 hot
841 2537 914 2608 XX.
938 2529 998 2615 31,
1024 2555 1110 2619 quac
1131 2555 1199 2603 uon
1224 2547 1379 2606 accurata
1400 2541 1555 2622 temporis
1581 2540 1727 2608 detiuitio
1752 2560 1796 2608 ex

381 2659 500 2725 magua
524 2643 626 2708 animi
651 2641 824 2707 affcctione
851 2639 990 2705 oriunda
1017 2640 1124 2718 tuerit,
1149 2641 1239 2725 quod
1256 2653 1332 2707 uon
1357 2648 1511 2708 nascente
1536 2643 1638 2710 modo
1655 2644 1713 2709 scd
1724 2645 1796 2727 jam

380 2746 597 2811 corroborata
623 2750 655 2809 et
679 2750 776 2809 aucta
800 2743 920 2827 Ephesi
946 2743 1084 2809 ecclesia
1099 2745 1237 2826 epistola
1260 2745 1359 2811 scribi
1383 2746 1543 2828 potuerit,
1579 2747 1669 2829 quod
1702 2748 1796 2814 deui-

381 2867 445 2931 que
469 2849 559 2914 uuita
584 2848 669 2914 ratic
696 2847 885 2928 investigari
910 2846 1030 2929 possit,
1060 2861 1125 2929 qua
1151 2847 1273 2913 Paulus
1310 2865 1390 2914 mox
1423 2854 1496 2931 post
1522 2849 1592 2930 ejus
1619 2850 1794 2918 adventum

377 2951 509 3034 Epheso
543 2951 577 3016 iu
612 2949 843 3044 Macedoniam
879 2949 1045 3033 profectus
1077 2951 1127 3015 sit
1194 2948 1322 3015 Deinde
1348 2951 1431 3017 sicut
1457 2950 1738 3018 Schieiermacher
1763 2961 1796 3020 et

375 3054 543 3121 Eichhcru
569 3053 690 3119 refutat
712 3053 921 3136 opinionem,
952 3051 1092 3117 Paulum
1117 3051 1249 3135 Epheso
1281 3058 1418 3137 propter
1442 3053 1598 3120 Demetrii
1622 3057 1795 3123 tumultum

376 3158 484 3223 subito
509 3157 693 3239 proiectum
719 3155 888 3238 scripsisse
912 3155 1095 3236 epistotam,
1122 3156 1212 3237 quod
1237 3156 1334 3238 piane
1359 3155 1473 3223 sedato
1500 3158 1640 3223 tumuitu
1662 3158 1795 3226 demum

376 3261 493 3326 abierit
525 3259 793 3342 necquidquam
824 3258 864 3323 de
893 3259 1032 3323 tumultu
1068 3257 1254 3342 periculoso
1288 3265 1450 3325 memoret
1475 3278 1537 3326 uec
1562 3260 1633 3327 Dec
1661 3269 1795 3346 propter

377 3364 537 3429 auxilium
564 3365 684 3445 gratias
708 3366 784 3443 agat
811 3378 871 3426 nec
892 3361 1100 3426 Timotheum
1125 3361 1168 3426 ad
1194 3360 1418 3428 tortitudinem
1441 3363 1606 3440 hortetur,
1639 3369 1671 3428 ct
1706 3368 1795 3447 quod

377 3469 432 3533 vix
455 3466 611 3533 credibile
635 3466 687 3543 sit,
712 3465 851 3531 Pauium
865 3465 985 3548 ,subito
1005 3471 1148 3531 mutasse
1167 3464 1339 3530 consitium
1360 3468 1432 3531 siue
1452 3467 1520 3532 uita
1542 3484 1640 3533 causa
1662 3473 1694 3533 et
1712 3487 1795 3534 avo·

376 3586 468 3636 casse
493 3569 626 3653 Epheso
652 3568 870 3644 Timotheum,
896 3573 928 3633 et
953 3567 1064 3634 omnia
1091 3585 1176 3651 quae
1202 3573 1238 3633 ut
1258 3565 1425 3633 Eichhoru
1447 3569 1626 3634 monuisset
1645 3569 1796 3638 iacienda

377 3673 514 3739 iuisssut
536 3674 620 3738 inter
645 3672 738 3736 Pauii
764 3671 1001 3754 protectionem
1024 3678 1057 3734 et
1081 3670 1120 3735 li.
1146 3669 1221 3737 Cor.
1248 3672 1498 3754 conceptionem
1522 3672 1716 3738 brevissimo
1738 3657 1796 3741 iiio

377 3783 525 3861 tempore
541 3791 659 3841 revera
681 3774 768 3839 iacta
792 3791 875 3839 esse.
926 3773 1121 3856 Reprobatis
1137 3773 1237 3838 etiam
1252 3773 1431 3850 sententiis,
1453 3775 1591 3841 Paulum
1609 3793 1652 3840 cx
1672 3777 1795 3861 Achaia

377 3879 606 3961 Hierosolyma
630 3878 815 3960 proiectum
840 3876 884 3941 ad
909 3876 1116 3941 Timotheum
1141 3875 1307 3959 Ephesum
1333 3877 1548 3958 praemissum
1574 3878 1702 3943 dedisse
1722 3880 1796 3946 lite-

377 3999 441 4059 ras,
470 3983 547 4064 quia
573 3982 763 4046 Timotheus
789 3995 892 4061 usque
918 3979 1083 4045 Troadem
1107 3983 1233 4044 tautum
1260 3995 1471 4061 praegressus
1493 3982 1535 4046 sit
1561 3977 1640 4067 (Act
1655 3982 1726 4062 XX,
1749 3977 1795 4071 5),

377 4089 409 4149 et
430 4085 583 4169 scriptam
603 4101 676 4149 esse
697 4085 731 4148 iu
759 4083 945 4165 captivitato
966 4082 1181 4160 caesareensi,
1206 4081 1284 4164 quia
1310 4082 1504 4165 captivitatis
1529 4085 1618 4150 uuila
1643 4084 1728 4151 iacta
1754 4088 1796 4152 sit

377 4188 521 4264 mentio,
552 4206 615 4270 pro
653 4186 889 4252 verirtmttttmo
924 4186 1023 4251 hahst
1056 4187 1212 4267 scriptam
1245 4201 1317 4249 esse
1350 4190 1497 4250 nostram
1523 4187 1695 4269 epistolam
1720 4195 1795 4271 post

377 4290 516 4374 primam
542 4289 763 4374 captivitatem
788 4305 962 4354 romanam
983 4306 1050 4353 uon
1077 4288 1208 4370 quidem
1231 4304 1252 4353 a
1273 4286 1379 4353 Paulo
1401 4288 1474 4371 ipso
1496 4289 1553 4353 sed
1581 4308 1601 4356 a
1624 4291 1717 4357 socio
1732 4293 1796 4356 ati-

378 4411 455 4476 quo,
479 4392 533 4458 cui
554 4393 677 4458 Paulus
701 4409 753 4457 res
778 4409 859 4474 quas
886 4391 1043 4457 scriberet
1068 4390 1264 4457 mandasset

404 4548 406 4553 .
491 4489 525 4561 5.
577 4495 688 4561 Baurii
714 4495 889 4560 sententias
913 4494 1060 4563 secunda
1079 4495 1194 4577 capitis
1219 4496 1313 4576 parte
1336 4493 1589 4559 recensebimus.

491 4592 525 4665 h.
577 4595 722 4664 Creduer
755 4603 903 4664 neutram
929 4597 1141 4676 senteutiam,
1167 4597 1323 4679 scriptam
1348 4612 1420 4661 esse
1446 4597 1618 4678 epistotam
1645 4601 1666 4662 a'
1690 4596 1795 4661 Paulo

376 4701 507 4784 Epheso
536 4701 691 4784 proiecto
725 4705 781 4766 aut
807 4719 850 4767 ex
880 4702 1067 4785 captivitate
1092 4700 1198 4785 prima
1222 4701 1362 4766 liberato
1385 4699 1528 4783 probare
1552 4704 1681 4783 potest,
1707 4699 1794 4780 quia,
