4350 5586
1067 484 1107 543 ΙΙΙ

375 666 510 747 scriptas
537 679 609 726 esse
634 659 888 739 contenderunt,
924 661 1008 726 sicut
1040 664 1073 724 et
1096 660 1188 736 ittas,
1221 661 1307 741 qnas'
1332 664 1407 724 ante
1431 660 1493 723 iter
1517 659 1696 723 seeundum
1722 659 1793 740 epi-

375 769 475 834 stotns
499 766 635 848 scriptas
661 782 733 829 esse
758 768 948 846 posuerunt,
970 765 1004 828 in
1028 761 1212 827 enarranda
1237 761 1331 826 Pauli
1355 764 1423 826 vita
1444 762 1632 844 reprobavi.
1693 761 1791 824 Tem-

374 888 456 954 pore
482 887 549 953 quo
573 868 730 950 epistotae
757 866 857 930 scribi
881 873 1059 949 potuerunt
1083 867 1147 929 boo
1171 865 1273 929 modo
1300 863 1556 947 circumscripto,
1583 865 1623 929 de
1642 881 1792 944 unaqua-

376 993 439 1057 que
465 972 680 1056 epistolarnm
706 969 876 1035 disseram.

514 1200 542 1266 s.
564 1191 593 1257 3.
638 1192 685 1256 De
707 1201 855 1276 tempore,
876 1208 938 1274 qno
959 1193 1043 1274 prior
1065 1191 1102 1254 ad
1125 1189 1314 1256 Timotheum
1332 1189 1463 1272 epistola
1484 1190 1596 1270 scripta
1617 1191 1663 1254 sit.

488 1371 654 1454 Epistolae
681 1370 855 1451 temporis,
887 1386 954 1449 quo
978 1370 1097 1451 scripta
1121 1370 1179 1445 sit,
1205 1368 1421 1435 constituendi
1446 1369 1540 1449 signa
1564 1366 1648 1430 hacc
1673 1368 1792 1429 insunt

375 1474 495 1540 Paulus
518 1474 652 1555 Epheso
676 1474 709 1536 in
735 1471 964 1538 Macedoniam
998 1473 1164 1554 proiectus
1197 1473 1405 1557 Timotheum
1440 1470 1590 1552 reliquit,
1624 1472 1659 1534 ut
1691 1467 1792 1532 falsos

376 1579 527 1643 doctores
558 1583 727 1641 coerceret
761 1580 794 1639 et
829 1575 988 1639 ecciesiae
1020 1575 1104 1639 bene
1137 1581 1304 1657 praeesset
1338 1571 1372 1663 (Ι,
1393 1567 1439 1661 3),
1466 1577 1499 1640 in
1523 1573 1611 1636 bunc
1636 1572 1736 1635 finem
1762 1573 1792 1635 ei

375 1681 478 1746 muita
499 1685 674 1763 praecepta
699 1680 740 1743 de
766 1677 909 1758 regenda
938 1683 971 1740 ct
999 1678 1183 1744 ordinanda
1209 1680 1346 1744 eeclesia
1372 1676 1480 1751 dedit,
1513 1691 1594 1739 mox
1619 1691 1654 1738 se
1681 1692 1793 1739 rever·
1871 1702 1874 1708 ·

376 1800 491 1850 surum
523 1790 649 1864 sperat,
683 1776 753 1867 (ΙΙΙ,
783 1772 839 1866 14)
874 1785 907 1845 et
932 1781 1139 1846 Timotheum
1162 1787 1296 1863 propter
1315 1782 1520 1864 juventutem
1541 1795 1608 1842 non
1635 1795 1793 1858 spcmcn·

378 1887 456 1951 dum
484 1903 556 1950 esse
581 1886 658 1950 dicit
684 1879 748 1970 (tv,
776 1875 844 1969 12).
896 1882 993 1948 Liber
1017 1885 1116 1966 igitur
1136 1884 1258 1950 Pautus
1284 1890 1317 1948 et
1341 1884 1532 1950 Timotheus
1555 1881 1686 1962 juvenis
1711 1897 1805 1980 esse,⁸

378 2007 480 2072 porro
515 1988 634 2070 Ephesi
667 1986 807 2052 ecclesia
840 1987 1014 2052 constituta
1039 1987 1161 2052 Penius
1189 1989 1265 2052 binc
1288 1987 1452 2068 digressus
1478 1982 1709 2052 Macedoniam
1734 2001 1794 2064 pe-

377 2100 446 2158 tere
479 2091 608 2167 debuit;
644 2108 687 2154 ex
710 2089 828 2171 quibus
852 2091 1022 2165 omnihus,
1043 2108 1144 2174 quum
1169 2108 1235 2154 uno
1262 2089 1446 2171 eodemque
1471 2096 1620 2170 tempore
1646 2087 1794 2151 evenisse

378 2195 522 2277 putanda
552 2195 635 2271 sint,
666 2195 830 2273 sequitur,
869 2194 1042 2274 epistotam
1068 2211 1136 2258 non
1159 2199 1235 2258 ante
1259 2211 1321 2258 nec
1342 2198 1417 2276 post
1438 2192 1520 2257 ittnd
1545 2198 1693 2271 tempus,
1727 2207 1793 2271 quo

376 2299 495 2365 Paulus
516 2303 582 2363 tres
607 2297 677 2361 iere
703 2312 808 2360 annos
833 2293 955 2378 Ephesi
980 2301 1204 2361 commoratus
1232 2305 1291 2371 est,
1313 2295 1413 2362 scribi
1432 2296 1589 2378 potuisse,
1616 2299 1648 2358 et
1663 2294 1692 2357 si
1700 2293 1795 2358 Pauli

375 2419 493 2470 revera
518 2404 577 2476 est,
599 2398 632 2463 in
658 2398 744 2463 itlius
771 2400 928 2481 temporis
953 2400 1060 2481 spatio
1085 2401 1196 2465 locum
1218 2400 1249 2463 ei
1274 2398 1536 2480 investigandum
1561 2403 1594 2462 et
1618 2396 1794 2477 adsignan-

377 2506 455 2570 dum
481 2520 564 2573 esse.
605 2499 713 2592 Quem
738 2519 839 2582 quum
864 2503 936 2579 viri,
960 2520 1043 2584 qnos
1069 2503 1103 2566 in
1125 2502 1329 2585 praefatione
1353 2503 1532 2578 nominavi,
1555 2502 1703 2586 invenire
1728 2518 1795 2564 non

376 2610 519 2692 possent,
545 2606 712 2688 paulinam
738 2621 810 2668 csse
830 2605 1003 2686 epistolam
1023 2610 1236 2685 negaverunt.
1628 2621 1633 2628 ·

387 2748 390 2753 -
497 2706 529 2773 l.
582 2707 863 2772 Schleiermacber
884 2709 1024 2790 primum
1052 2709 1224 2775 historiam
1246 2713 1403 2773 Actorum
1429 2712 1579 2785 secutus,
1609 2708 1671 2771 iter
1701 2706 1794 2770 Pauti

376 2810 627 2877 macedonicum
647 2812 740 2876 initio
762 2815 895 2875 nostrae
921 2811 1079 2893 epistolae
1105 2816 1325 2877 memoratum
1351 2809 1443 2874 idem·
1464 2828 1556 2887 esse,
1578 2808 1667 2891 quod
1690 2808 1795 2874 Lucas

377 2919 447 2980 Act.
466 2914 538 2987 XX,
566 2911 669 2996 lsqq.
695 2912 806 2991 refert,
828 2914 1003 2979 arbitratus
1024 2922 1084 2979 est
1134 2916 1238 2980 Panlo
1260 2919 1336 2978 ante
1360 2913 1494 2994 quidem
1516 2931 1651 2978 narrare
1672 2911 1793 2977 Lucam
1867 2911 1870 2919 '

379 3021 449 3082 Act
475 3016 570 3096 XIX,
597 3007 663 3094 22,
689 3017 897 3082 Timotheum
922 3034 998 3082 cum
1022 3017 1141 3083 Erasto
1168 3020 1210 3083 ab
1237 3017 1389 3100 apostolo
1417 3017 1610 3089 Corinthum
1634 3018 1794 3097 praemis·

379 3137 452 3185 sum
478 3137 567 3197 esse,
600 3121 659 3185 sed
685 3137 787 3202 quum
810 3120 932 3186 Paulus
958 3121 982 3185 Ι.
1005 3119 1081 3187 Cor.
1107 3121 1190 3197 xvt,
1219 3115 1266 3186 10
1290 3137 1383 3202 spem
1408 3107 1552 3185 dec'laret
1577 3121 1794 3197 Timotheum,
1862 3142 1864 3148 ⁴

379 3225 571 3305 prinsquam
594 3222 726 3305 Epheso
754 3221 916 3302 discedat,
942 3240 1014 3288 esse
1039 3241 1267 3301 reversurum,
1291 3222 1388 3288 facile
1409 3224 1479 3288 heri
1501 3224 1657 3305 potuisse,
1680 3229 1716 3286 ut
1740 3242 1793 3287 re-

379 3344 458 3390 vera
483 3327 588 3391 Paulo
613 3325 721 3391 adbuc
745 3324 867 3407 Ephesi
892 3327 1036 3392 versanti
1060 3345 1172 3392 rursus
1193 3326 1387 3408 iungeretur
1413 3328 1523 3408 ibique
1538 3327 1806 3408 relinqueretun.

379 3430 462 3493 baec
486 3429 594 3508 igitur,
621 3446 705 3511 quae
721 3427 825 3494 Lucas
846 3430 941 3493 nohis
959 3430 1140 3506 tradiderit,
1165 3447 1233 3494 non
1258 3429 1390 3494 obstare
1410 3429 1691 3495 Schleiermacber
1715 3447 1794 3495 cen.

380 3537 438 3608 set,
465 3531 543 3612 quin
569 3549 610 3596 eo
636 3538 784 3615 tempore
810 3533 983 3614 epistolam
1009 3534 1163 3615 scriptam
1187 3550 1259 3597 esse
1281 3538 1441 3615 putemus.
1492 3538 1534 3598 at
1559 3534 1587 3597 si
1606 3537 1793 3614 reputamus

379 3635 587 3699 Timotheum
619 3641 695 3717 post
725 3635 880 3716 exiguum
915 3637 1071 3718 temporis
1102 3637 1262 3718 spatium,
1296 3636 1352 3699 ubi
1386 3636 1506 3701 Paulus
1541 3636 1719 3701 secundam
1754 3639 1795 3703 ad

380 3735 568 3803 Corinthios
598 3737 728 3821 scripsit
753 3740 945 3821 epistotam,
979 3740 1095 3803 iterum
1122 3740 1153 3804 ei
1175 3739 1385 3821 conjunctum
1413 3755 1505 3814 esse,
1537 3739 1647 3821 itaque
1673 3757 1795 3821 paucos

379 3845 505 3905 tantum
532 3839 601 3904 dies
625 3840 747 3924 Ephesi
773 3848 1014 3906 commoratum
1038 3860 1128 3917 esse,
1152 3844 1180 3907 si
1206 3848 1275 3906 tum
1300 3840 1346 3904 ibi
1372 3842 1503 3906 relictus
1529 3843 1673 3920 esthon
1699 3862 1795 3923 pror·

382 3960 438 4008 aus
468 3962 488 4008 a
521 3942 702 4021 mandatis,
732 3962 818 4024 uuae
843 3950 956 4011 nostra
983 3947 1122 4028 epistola
1147 3946 1178 4010 ei
1203 3945 1367 4026 iniungat,
1402 3945 1546 4009 alienum
1571 3962 1662 4021 csse,
1702 3949 1796 4012 nobis

382 4063 455 4110 esse
480 4046 664 4112 dicendum.
724 4045 797 4112 Non
832 4048 918 4111 enim
952 4066 994 4113 eo
1020 4048 1159 4125 consilio
1180 4048 1353 4130 scripsisse
1375 4047 1511 4114 Paulum
1538 4049 1729 4132 epistolam,
1763 4057 1797 4114 ut

382 4148 589 4223 Timotheum
620 4150 751 4233 juberet
782 4151 989 4232 presbyteros
1022 4158 1054 4216 et
1086 4151 1244 4214 diaconos
1278 4149 1445 4231 eligendos
1480 4155 1513 4214 et
1538 4150 1713 4216 initiandos
1738 4173 1796 4216 cu-

382 4269 475 4328 rare,
509 4253 565 4316 sed
598 4258 634 4319 ut
668 4253 746 4317 dum
775 4252 846 4334 ipse
882 4254 1010 4319 abesset
1041 4253 1221 4318 secundum
1252 4258 1427 4335 praecepta
1455 4253 1626 4320 ecetesiam
1659 4264 1795 4336 regeret,
1852 4333 1856 4339 ‚

378 4353 503 4436 justum
529 4354 679 4421 ordinem
705 4361 852 4421 servaret
873 4361 905 4420 et
930 4356 1030 4422 falsos
1057 4357 1209 4423 doctores
1233 4361 1400 4421 coerceret
1417 4361 1449 4421 et
1466 4359 1674 4439 opprimeret
1710 4359 1799 4423 Haec

311 4531 315 4548 Ι
382 4474 463 4522 vero
498 4458 610 4522 omnia
644 4476 711 4524 non
738 4460 851 4541 paucis
878 4459 992 4524 diebus
1017 4460 1130 4542 pertici
1152 4459 1318 4543 potuisse,
1342 4464 1373 4523 et
1399 4461 1426 4523 si
1450 4461 1521 4540 quis
1541 4462 1576 4526 in
1599 4480 1640 4527 ea
1665 4469 1796 4526 senten·

382 4561 428 4626 tia
453 4564 624 4643 perstaret,
650 4580 725 4626 eum
749 4563 785 4627 in
806 4563 924 4627 multas
951 4568 983 4632 et
1007 4563 1064 4628 uix
1087 4560 1509 4638 enodandasdiiiicultates
1536 4565 1679 4629 incidere
1695 4582 1797 4647 opor·

382 4668 461 4734 tere.
488 4723 490 4730 .
523 4664 669 4735 Primum
695 4665 782 4730 enim
808 4667 862 4731 vix
890 4667 1047 4748 explicari
1076 4674 1190 4749 posse,
1212 4665 1389 4747 *quomodo
1416 4665 1489 4731 ratsi
1516 4668 1689 4745 doctores,
1714 4684 1796 4748 qnos
1915 4731 1919 4754 ¹
