4350 5586
1061 502 1103 567 ³8

375 683 511 766 negotiis
537 682 766 746 distinerentur
792 678 933 763 apostoli
960 683 992 742 et
1020 697 1040 744 a
1065 676 1287 762 praedicando
1314 679 1416 747 verbo
1442 678 1554 745 divino
1576 679 1790 762 prohiberen-

376 794 438 863 tur,
464 787 584 868 placuit
606 785 680 859 illis,
707 789 741 847 ut
766 784 866 847 alium
893 781 1052 847 ecclesiae
1078 782 1303 862 magistratum
1330 787 1496 857 crearent,
1521 782 1562 848 ad
1590 799 1685 864 wem
1711 801 1791 848 cura

375 907 557 972 pauperum
591 892 623 950 et
656 892 867 966 aegrotorum
903 884 1085 949 deterretur
1118 881 1198 970 [Act.
1224 880 1287 972 vl).
1347 885 1383 948 ln
1416 887 1503 953 hunc
1537 887 1636 950 tinem
1666 902 1792 951 convo-

376 999 448 1057 cata
474 991 611 1056 ecclesia
637 997 761 1070 septem
796 988 927 1054 diaconi
953 986 1047 1053 electi
1073 994 1149 1052 sunt
1174 989 1278 1069 iisque
1304 1005 1382 1051 cura
1408 1005 1591 1070 pauperum
1618 993 1650 1053 el
1673 1005 1794 1070 aegro-

377 1102 484 1161 torum
520 1092 696 1157 commissa
730 1095 787 1155 est.
851 1090 922 1155 Hoc
955 1090 1087 1172 quidem
1120 1091 1190 1155 sine
1216 1089 1317 1154 dubio
1343 1091 1555 1172 praecipuum
1582 1089 1703 1156 eorum·
1724 1096 1795 1156 erat

377 1199 541 1269 0lficium;
575 1211 651 1259 nam
669 1211 858 1275 quanquam
873 1193 1067 1274 Stephanus,
1093 1210 1178 1258 unus
1203 1212 1222 1257 e
1242 1193 1401 1271 diaconis,
1423 1198 1456 1257 et
1472 1192 1625 1259 docendo
1647 1199 1679 1259 et
1696 1210 1794 1277 prae-

376 1300 517 1366 dicando
542 1297 712 1377 evangelio
738 1297 874 1361 multam
900 1313 1036 1377 operam
1062 1295 1160 1375 dedit,
1182 1301 1214 1360 et
1239 1296 1300 1362 bac
1326 1293 1367 1360 de
1392 1313 1428 1360 re
1454 1303 1594 1362 mortem
1620 1314 1796 1380 perpessus

378 1411 443 1480 est,
481 1410 591 1466 tamen
624 1399 753 1463 diaconi
791 1416 972 1483 pauperum
1005 1406 1282 1481 aegrotorumqne
1312 1399 1534 1465 curandorum
1566 1417 1668 1469 causa
1701 1400 1795 1464 electi

378 1510 470 1582 sunt,
495 1511 526 1568 et
552 1498 734 1584 Stephanus
756 1502 878 1568 ardore
905 1501 1066 1583 evangelii
1091 1500 1303 1585 praedicandi
1326 1503 1481 1583 agitatus,
1513 1518 1580 1567 non
1613 1508 1649 1568 ut
1683 1502 1796 1567 diaco-

378 1625 440 1672 nus
465 1607 522 1671 sed
558 1610 592 1669 ut
618 1605 812 1670 christianus
839 1607 872 1669 in
900 1604 989 1669 illam
1015 1621 1086 1668 rem
1112 1604 1259 1668 incubuit
1280 1611 1313 1670 et
1337 1605 1416 1670 odio
1440 1605 1643 1671 ludaeorum
1666 1623 1796 1690 perem-

379 1718 452 1793 ptus
471 1717 528 1773 est.
580 1709 692 1789 ltaque
720 1716 754 1772 ut
778 1708 957 1791 presbyteri
983 1705 1134 1771 docendo
1160 1712 1193 1772 et
1218 1708 1363 1788 regendo
1388 1713 1496 1790 partes
1523 1709 1602 1774 oleri
1629 1709 1683 1791 qui
1705 1714 1797 1792 post·

380 1832 420 1879 ea
454 1811 593 1888 exstitit,
626 1811 673 1874 sic
706 1809 835 1876 diaconi
861 1808 1098 1875 benefaciendo
1118 1813 1151 1872 ct
1175 1810 1351 1875 serviendo
1369 1810 1529 1875 laicorum
1552 1816 1661 1894 partes
1682 1812 1715 1876 in
1742 1829 1797 1877 ec·

380 1916 479 1981 clesia
506 1915 728 1996 expieverunt,
751 1918 783 1977 et
808 1913 937 1993 utrique
962 1913 995 1978 in
1023 1912 1175 1976 omnibus
1203 1913 1348 1978 ecclesiis
1374 1914 1598 1996 reperiuntur,
1623 1921 1658 1978 ut
1677 1913 1798 1979 Paulus

380 2019 484 2100 Philp.
511 2018 534 2094 l,
564 2012 580 2080 l
609 2017 706 2080 simul
731 2033 789 2079 eos
816 2016 964 2080 nominet
986 2017 1178 2095 salutetque.
1230 2015 1293 2080 Per
1319 2016 1511 2097 sequidem
1538 2022 1636 2099 patet,
1660 2017 1798 2098 presby·

380 2129 469 2186 teros
496 2125 528 2184 et
551 2119 708 2182 diaconos
735 2136 777 2180 ex
801 2119 862 2199 piis
885 2124 1009 2205 tantum
1035 2124 1067 2183 et
1092 2117 1177 2182 hene
1202 2117 1319 2183 auditis
1335 2135 1407 2184 esse
1421 2119 1553 2198 electos,
1579 2119 1636 2183 sed
1654 2120 1797 2184 abacto

381 2223 563 2307 apostolico
588 2221 694 2286 omnis
717 2221 913 2303 praecipuae
937 2221 1114 2285 sanctitatis
1139 2221 1334 2302 postulatio,
1369 2221 1527 2289 ecclesiae
1556 2222 1797 2303 magistratibus

381 2327 536 2410 iniuncta,
560 2323 672 2404 quales
699 2326 812 2405 postea
839 2325 881 2388 ab
907 2324 1045 2388 ecclesia
1068 2323 1229 2388 catholica
1249 2325 1401 2389 inventae
1423 2331 1509 2403 sunt,
1533 2341 1669 2406 prorsus
1691 2326 1799 2390 aliena

382 2434 440 2495 est.
491 2428 626 2492 Praeter
647 2424 940 2490 diaconos.autem
959 2427 1057 2491 etiam
1073 2426 1278 2491 diaconissae
1294 2426 1437 2504 luerunt,
1460 2428 1548 2509 quod
1571 2428 1691 2493 Paulus
1704 2428 1799 2493 Rom.

382 2530 465 2607 XVI,
494 2526 511 2594 l
536 2534 691 2607 testatur,
725 2529 780 2593 ubi
804 2528 959 2594 Phoeben
985 2519 1056 2613 τήν
1081 2512 1246 2602 διάκονον
1271 2526 1336 2608 τῆς
1362 2521 1569 2616 ἐκκλησίας
1594 2547 1800 2596 commemo·

382 2639 452 2708 rat,
486 2649 570 2713 qnae
597 2631 743 2710 leminis,
777 2631 819 2696 ad
842 2649 924 2714 quas
950 2632 1027 2696 viris
1055 2631 1258 2698 Graecorum
1283 2638 1316 2696 et
1339 2632 1557 2698 Asiaticorum
1582 2651 1676 2700 more
1703 2650 1800 2699 acce-

383 2739 462 2802 dere
489 2753 557 2799 non
580 2735 715 2813 licebat,
750 2734 959 2799 sublevandis
985 2734 1238 2818 prospiciebant
1288 2734 1338 2800 lle
1363 2735 1546 2819 disciplina,
1571 2754 1636 2818 qua
1662 2736 1801 2803 ecclesia

385 2838 567 2921 apostolica
599 2839 769 2914 utebatur,
805 2843 930 2903 tantum
956 2838 1157 2903 monendum
1178 2843 1245 2914 est,
1280 2838 1430 2903 homines
1453 2841 1565 2922 aperte
1586 2841 1741 2906 scelestos
1768 2843 1800 2903 et

384 2942 590 3007 facinorosos
617 2960 659 3004 ex
686 2958 726 3005 ea
746 2956 818 3005 esse
841 2941 981 3024 ejectos,
1017 2958 1101 3023 quae
1125 2945 1235 3006 tamen
1256 2939 1372 3023 electio
1397 2958 1465 3007 nou
1490 2941 1552 3008 nisi
1578 2943 1745 3010 rarissime
1769 2947 1802 3006 et

385 3044 552 3110 horrenda
575 3043 715 3125 quadam
739 3043 896 3124 gravitate
922 3043 1031 3121 debat,
1057 3048 1091 3108 ut
1116 3038 1148 3108 l.
1174 3042 1250 3109 Cor.
1277 3045 1314 3109 V.
1340 3044 1521 3110 luculenter
1541 3045 1693 3112 ostendit.
1743 3045 1801 3132 lii·

386 3155 437 3213 tus
464 3147 605 3229 denique
628 3146 858 3228 simplicissimi
884 3151 991 3211 erant:
1019 3146 1073 3228 qui
1097 3147 1132 3210 in
1153 3146 1325 3212 ecclesiam
1351 3148 1528 3230 recipiendi
1551 3157 1646 3215 erant
1670 3143 1802 3215 contes-

388 3253 481 3316 sione
514 3268 550 3315 se
585 3250 617 3314 in
652 3249 764 3313 lesum
798 3247 961 3314 Christum
995 3248 1130 3314 credere
1168 3248 1255 3314 dicta
1281 3250 1485 3333 baptismatis
1518 3253 1693 3337 participes
1725 3252 1802 3317 tacti

388 3354 547 3437 impositis
569 3352 719 3417 manibus
746 3352 1026 3416 consecrabantur
1052 3346 1132 3439 (Act.
1156 3352 1239 3428 lllll,
1265 3343 1315 3419 36
1333 3370 1425 3437 sqq.;
1459 3352 1500 3431 X,
1522 3347 1572 3419 44
1590 3372 1680 3439 sqq.;
1715 3353 1802 3427 xlx,

388 3451 431 3533 5,
466 3451 511 3542 6).
572 3456 608 3520 ln
644 3454 859 3520 concionibus
893 3455 1051 3519 ecclesiae
1084 3455 1222 3536 quisque
1255 3454 1394 3521 docendi
1433 3455 1630 3523 charismate
1671 3455 1803 3540 praedi·

388 3568 439 3625 tus
475 3559 583 3623 dicere
614 3565 645 3622 et
679 3557 803 3622 hortari
838 3559 965 3640 potuit,
1003 3563 1100 3638 prout
1132 3557 1279 3623 athalum
1315 3576 1351 3625 se
1388 3564 1420 3624 et
1452 3561 1609 3642 agitatum
1642 3559 1803 3641 aspiritu

389 3668 503 3727 sancto
530 3660 647 3735 sensit,
678 3660 736 3724 sed
762 3677 804 3724 ne
828 3660 911 3724 haec
933 3660 1064 3724 libertas
1087 3662 1121 3724 in
1146 3659 1336 3725 effrenatam
1362 3662 1527 3728 licentiam
1551 3665 1675 3741 abiret,
1708 3661 1805 3726 temi-

391 3783 453 3829 nae
487 3764 528 3831 ab
559 3763 763 3829 orationibus
788 3763 919 3845 publice
945 3762 1103 3828 habendis
1128 3764 1313 3846 prohibitae
1337 3770 1412 3829 stant
1445 3759 1479 3850 (l.
1505 3764 1581 3833 Gor.
1603 3765 1659 3843 xl,
1683 3758 1805 3853 5sqq.)

391 3874 423 3931 et
445 3873 559 3949 postea
585 3882 668 3947 opus
695 3865 755 3930 luit
778 3883 915 3932 monere
940 3867 1151 3942 christianos,
1185 3884 1226 3931 ne
1250 3866 1371 3932 nimiae
1400 3869 1532 3950 publice
1557 3867 1686 3933 dicendi
1713 3869 1806 3951 cupi·

391 3970 482 4034 ditati
515 3968 721 4049 indulgerent
746 3984 829 4033 neve
855 3970 955 4035 etiam
981 3970 1021 4045 ii,
1058 3970 1204 4051 quinon
1230 3967 1342 4034 idonei
1375 3977 1502 4049 essent,
1531 3971 1678 4036 vanitate
1702 3988 1738 4036 se
1764 3971 1806 4036 ad

391 4072 521 4155 publice
546 4071 721 4136 dicandum
747 4069 864 4134 induci>
882 4076 1090 4153 paterentur,
1125 4070 1214 4152 quod
1239 4072 1377 4154 epistola
1401 4073 1517 4139 lacobi
1547 4073 1721 4140 manifesto
1746 4074 1807 4139 de·
1940 4119 1942 4123 -

392 4176 506 4241 clarat.
573 4174 707 4239 Praeter
741 4173 917 4238 conciones
951 4178 1060 4238 autem
1094 4190 1204 4239 sacras
1236 4176 1270 4250 in
1307 4175 1453 4241 coetibus
1486 4177 1703 4243 audiebantur
1733 4195 1818 4244 ma»
1895 4150 1898 4163 ι

392 4279 481 4343 xime
507 4278 709 4358 psalmorum
734 4281 848 4342 cantus
875 4271 957 4362 (Col.
979 4277 1040 4352 lll,
1070 4269 1133 4351 td;
1167 4276 1250 4361 Eph.
1273 4279 1310 4355 V,
1337 4272 1394 4365 19)
1426 4284 1459 4343 et
1484 4297 1597 4361 preces
1623 4279 1807 4346 tundeban-

392 4388 460 4457 tur,
490 4385 522 4443 et
547 4397 652 4446 coena
678 4380 801 4447 domini
828 4379 1055 4445 celebrabatur
1080 4372 1159 4465 (bct
1183 4376 1233 4468 ll.)
1259 4385 1292 4445 et
1317 4380 1553 4462 colligebantur
1569 4385 1808 4465 eleemosynae,

263 4498 267 4506 ¹
391 4489 427 4548 ut
452 4482 618 4547 christiani
644 4487 675 4546 et
702 4484 772 4548 lieo
796 4481 961 4549 laudando
988 4489 1020 4547 et
1043 4480 1198 4548 iratribus
1224 4484 1329 4548 amice
1354 4483 1546 4567 adiuvandis
1571 4487 1668 4552 simul
1696 4484 1809 4551 stude·

395 4592 477 4651 rent.
529 4588 580 4649 An
606 4585 641 4648 in
666 4586 880 4651 concionibus
905 4587 997 4651 locus
1023 4585 1141 4667 aliquis
1166 4586 1211 4672 ll.»
1230 4586 1266 4650 Τ.
1291 4586 1474 4668 praelectus
1494 4590 1536 4655 sit
1562 4594 1595 4655 et
1610 4588 1651 4654 de
1671 4589 1736 4654 hoc
1752 4594 1809 4654 aut

393 4689 434 4755 ad
461 4687 691 4769 explicandum
720 4693 776 4756 aut
801 4689 843 4754 ad
869 4687 1099 4772 applicandum
1126 4688 1227 4753 verba
1256 4689 1341 4756 tacta
1367 4692 1442 4772 sint,
1467 4709 1534 4758 non
1561 4698 1651 4760 certo
1678 4690 1809 4773 quidem
