4350 5586
1062 495 1099 560 21

377 675 430 754 lv,
459 666 526 753 24,
552 675 687 742 Philem.
715 667 792 764 24),
823 681 935 742 nostra
962 675 1099 757 epistola
1126 674 1322 740 infidelitatis
1350 680 1539 752 accusatur;
1575 693 1616 741 ex
1644 678 1796 744 omnibus
1825 740 1827 745 ,

377 779 428 843 his
454 780 552 843 rebus
578 778 709 843 mutatis
736 781 844 861 potius
870 781 903 844 in
930 779 1033 844 altera
1057 778 1243 862 captivitate
1268 778 1389 861 scripta
1411 779 1550 866 epistola
1567 795 1639 844 esse
1658 781 1795 846 videtur.
1878 781 1880 787 ’

374 881 465 946 Idem
491 885 628 964 apparet
651 898 693 946 ex
720 880 889 965 Trophimi
915 881 1249 960 commemoratione,
1276 881 1331 962 qui
1357 882 1487 945 nonnisi
1513 883 1546 946 in
1571 883 1685 947 itinere
1711 885 1797 949 inter
1915 939 1919 949 .

375 989 548 1065 utramque
580 984 799 1066 captivitatem
822 984 910 1050 iacto
930 984 1034 1049 Mileti
1060 989 1214 1066 aegrotus
1240 985 1371 1049 relictus
1398 1000 1470 1048 esse
1495 989 1611 1067 potest
1646 985 1796 1068 Denique

375 1105 419 1151 ex
445 1104 513 1170 spe,
552 1104 617 1169 qua
643 1086 763 1152 Paulus
790 1088 823 1152 in
844 1105 895 1170 ep.
922 1087 964 1152 ad
989 1086 1105 1170 Philip.
1133 1087 1296 1169 gaudebat
1320 1090 1352 1151 et
1378 1104 1419 1151 ex
1445 1091 1550 1168 metu,
1583 1090 1705 1171 quoin
1732 1108 1795 1154 no·

376 1194 443 1254 stra
465 1190 602 1272 epistola
636 1190 851 1272 concipienda
884 1190 1060 1268 tremebat,
1095 1190 1218 1268 elucet,
1260 1191 1358 1272 plane
1386 1189 1521 1256 ‘diverso
1555 1195 1704 1275 tempore
1738 1209 1795 1258 eas

377 1308 449 1357 esse
474 1293 631 1375 scriptas;
665 1292 723 1358 sed
759 1295 787 1358 si
819 1293 962 1376 priorem
997 1297 1144 1359 nostram
1178 1294 1351 1375 ponimus,
1386 1294 1537 1358 relationi
1558 1298 1629 1360 Act.
1650 1293 1792 1360 xxvlll.

377 1395 657 1473 contradicemus,
693 1395 874 1461 secundum
899 1413 998 1478 quam
1022 1396 1143 1461 Paulus
1169 1395 1314 1460 nondum
1339 1394 1468 1460 auditus
1494 1403 1582 1474 erat,
1608 1398 1657 1461 sin
1682 1403 1792 1479 poste-

375 1499 515 1576 riorem,
552 1498 745 1564 contradicit
771 1503 901 1582 captum
927 1499 1021 1564 Pauli
1048 1499 1089 1563 de
1115 1499 1289 1564 Timotheo
1314 1498 1503 1576 consilium,
1535 1499 1576 1563 de
1602 1518 1668 1582 quo
1694 1517 1794 1582 supra

374 1601 524 1666 diximus.
992 1641 994 1645 «

486 1696 521 1769 4.
575 1701 720 1769 Gredner
744 1705 887 1784 primum
911 1722 955 1768 cx
978 1702 1223 1768 difficultatibus
1248 1702 1482 1778 constituendi,
1517 1721 1583 1784 quo
1609 1704 1729 1785 scripta
1752 1705 1795 1768 sit

373 1807 540 1887 temporis,
570 1824 610 1870 ex
638 1808 936 1888 exspectationibus
958 1822 1068 1871 rerum
1087 1807 1239 1888 proxime
1260 1806 1447 1870 instantium
1474 1805 1536 1869 sibi
1561 1807 1638 1888 ipsis
1660 1811 1795 1871 contra·

373 1907 554 1973 dicentibus
581 1904 642 1995 (IV,
670 1900 771 1975 6-8
795 1914 827 1974 et
854 1900 1013 1996 15-18)
1041 1914 1135 1973 etex
1157 1908 1299 1974 dictione
1317 1914 1348 1974 et
1366 1914 1561 1989 argumento
1581 1910 1685 1974 multa
1704 1909 1793 1974 haud

372 2018 449 2094 apta
475 2011 705 2076 exhibentibus
732 2013 914 2091 concludit,
947 2013 1118 2094 epistolam
1146 2017 1310 2089 nostram,
1343 2012 1448 2093 qualis
1474 2011 1570 2075 nobis
1597 2013 1638 2075 sit
1663 2011 1792 2089 tradita,

372 2132 393 2178 a
417 2115 522 2179 Paulo
548 2115 621 2196 ipso
648 2132 715 2181 non
740 2133 811 2180 esse
838 2117 1065 2197 conscriptam.
1125 2112 1251 2179 Deinde
1285 2119 1412 2192 autem,
1445 2130 1545 2196 quum
1573 2121 1704 2196 praeter
1729 2116 1792 2179 bos

372 2217 455 2282 duos
479 2219 589 2293 locos,
611 2218 667 2298 qui
694 2217 838 2284 diversas
863 2236 973 2284 rerum
1000 2217 1188 2283 instantium
1210 2218 1471 2300 exspectationes
1498 2218 1705 2292 contineant,
1730 2216 1791 2282 du·

370 2320 447 2402 piex
474 2321 680 2402 prooemium
708 2315 743 2406 (l,
768 2313 802 2400 3,
823 2314 846 2386 5
874 2327 906 2386 et
931 2322 956 2400 l,
981 2313 1015 2398 3,
1041 2315 1088 2407 4),
1114 2320 1276 2402 dupiicem
1303 2321 1528 2386 invitationem
1556 2317 1617 2405 (lv,
1640 2309 1789 2408 9ct2l)

370 2426 468 2503 atque
492 2423 655 2505 duplicem
679 2424 846 2506 epilogum
871 2420 933 2511 (lv,
959 2413 1019 2512 22)
1044 2424 1205 2488 invenerit
1222 2427 1319 2506 atque
1338 2440 1453 2488 omnes
1474 2423 1536 2487 hos
1556 2423 1648 2487 locos
1666 2422 1790 2504 optime

370 2526 521 2607 paulinos
548 2543 620 2591 esse
641 2528 673 2590 et
699 2527 841 2592 dictione
868 2533 899 2592 et
924 2527 1092 2590 sententiis
1119 2527 1395 2604 animadverterit,
1416 2527 1570 2609 proponit
1585 2526 1790 2602 sententiam,

370 2645 441 2692 esse
468 2633 614 2694 nostram
649 2631 820 2711 epistolam
855 2648 896 2696 ex
924 2628 1052 2694 duabus
1078 2645 1156 2693 vere
1183 2630 1323 2712 paulinis
1344 2630 1490 2712 epistolis
1517 2629 1733 2711 compositam
1758 2632 1789 2692 ct

368 2731 477 2796 multis
503 2732 561 2796 sed
588 2732 677 2796 baud
702 2734 785 2815 aptis
812 2732 1039 2798 additamentis
1066 2733 1107 2796 ab
1134 2730 1259 2798 editore
1285 2739 1425 2797 auctam.
1488 2731 1640 2815 Priorem
1671 2731 1788 2796 harum

369 2834 583 2916 epistolarum
609 2835 701 2899 locos
729 2853 800 2917 cap.
827 2835 850 2913 1,
880 2826 1002 2912 1-3,
1028 2827 1063 2911 5,
1090 2825 1241 2912 8-12,
1268 2825 1446 2909 15-18;
1472 2833 1526 2911 111,
1556 2828 1613 2910 10,
1644 2828 1712 2908 11;
1736 2832 1788 2909 lv,

371 2928 428 3015 13,
458 2929 634 3016 16-19,
660 2928 718 3016 21,
745 2929 793 3002 22
817 2938 860 3003 ab
882 2938 976 3002 initio
1003 2938 1210 3019 complexam
1237 2957 1257 3003 a
1278 2938 1383 3003 Paulo
1410 2940 1604 3019 conceptam
1627 2952 1699 3000 esse
1723 2953 1786 3017 pu·

369 3045 432 3118 tat,
458 3041 516 3104 ubi
541 3041 680 3106 Romam
708 3041 878 3106 advenerit
903 3045 936 3105 et
959 3040 1035 3122 quia
1060 3039 1245 3106 diuturnam
1271 3040 1344 3106 iore
1370 3040 1588 3122 captivitatem
1614 3039 1788 3120 praevide-

368 3144 419 3217 rit,
442 3143 649 3208 Timotheum
675 3143 778 3208 Mileti
804 3144 953 3208 relictum
980 3137 1058 3229 (hct.
1081 3141 1166 3218 XXI,
1197 3136 1253 3231 18)
1281 3144 1323 3208 ad
1347 3160 1382 3208 se
1404 3145 1590 3216 vocaverit3
1623 3143 1789 3223 posterio-

368 3263 438 3310 rem
466 3251 575 3310 autem
602 3251 634 3310 et
661 3245 741 3310 locis
766 3263 837 3328 cap.
864 3247 888 3322 l,
916 3238 951 3322 3,
974 3238 1021 3320 4;
1048 3246 1087 3323 ll,
1115 3237 1225 3324 3-5,
1246 3239 1365 3322 9,10;
1393 3246 1446 3323 lV,
1471 3236 1608 3318 6-12‚
1635 3234 1786 3308 20-22

368 3349 584 3430 compositam
612 3350 644 3412 in
673 3351 777 3414 altera
803 3349 989 3431 captivitate
1008 3349 1167 3429 scriptam·
1178 3364 1252 3413 esse
1272 3349 1449 3423 contendit,
1477 3349 1533 3412 ubi
1551 3347 1671 3413 Paulus
1688 3347 1787 3411 morti

367 3451 465 3516 luerit
490 3453 661 3533 proximus
686 3457 718 3516 et
742 3452 949 3516 Timotheum
972 3451 1204 3532 Marcumque,
1232 3452 1267 3515 in
1293 3451 1412 3517 vicinia
1435 3450 1548 3516 ltaliae
1574 3450 1789 3532 probabiliter

367 3558 546 3631 versantes,
573 3554 676 3619 adse
703 3555 844 3632 accierit,
869 3555 987 3637 quibus
1014 3552 1194 3618 secundum
1219 3553 1393 3619 Irenaeum
1420 3555 1518 3618 ctiam
1545 3559 1620 3619 ante
1645 3558 1787 3617 mortem

367 3657 569 3721 valedixerit.
622 3656 694 3721 Alia
722 3675 806 3738 quae
833 3658 971 3740 epistola
994 3657 1158 3721 contineat
1182 3657 1224 3721 ab
1250 3657 1375 3721 editore
1401 3655 1512 3721 addita
1538 3672 1620 3720 esse.

479 3753 514 3825 5.
566 3758 758 3825 Neudeclrer
783 3761 923 3844 primum
950 3763 1047 3841 negat
1072 3759 1105 3823 in
1132 3759 1239 3841 prima
1254 3760 1439 3842 captivitate
1460 3774 1518 3825 seu
1537 3759 1665 3838 incepta
1682 3755 1785 3820 modo

364 3876 422 3925 seu
452 3880 554 3944 prope
581 3862 671 3927 linita
697 3864 796 3928 scribi
817 3864 962 3946 potuisse
987 3863 1176 3944 epistolam,
1208 3862 1284 3944 quia
1318 3879 1403 3943 quae
1431 3861 1471 3925 de
1493 3861 1586 3927 Pauli
1610 3859 1784 3924 comitibus

367 3963 551 4043 dictasint,
577 3982 638 4029 nec
664 3984 739 4031 cum
765 3969 835 4037 Act.
861 3984 922 4066 nec
948 3982 1023 4029 cum
1050 3965 1188 4029 alianum
1211 3964 1337 4030 Romae
1360 3963 1556 4046 scriptarum
1571 3963 1784 4044 epistolarum

365 4067 555 4132 narratione
582 4063 796 4145 consentiant,
823 4068 899 4150 quia
926 4067 1101 4149 descriptio
1127 4068 1261 4142 itineris,
1289 4085 1355 4146 quo
1381 4067 1578 4148 Trophimus
1603 4064 1705 4129 Mileti
1728 4082 1783 4129 re·

364 4168 457 4231 lictus
484 4187 556 4234 esse
580 4170 723 4250 dicatur,
749 4173 837 4236 Actis
864 4177 1043 4251 repugnet,
1068 4170 1143 4251 quia
1170 4170 1310 4251 denique
1335 4169 1480 4234 conditio
1506 4177 1538 4234 et
1563 4168 1695 4232 fortuna
1722 4167 1783 4232 ad·

364 4285 471 4346 versa,
497 4289 563 4352 qua
587 4274 621 4337 in
647 4279 761 4339 nostra
788 4273 926 4356 epistola
955 4272 1191 4337 conscribenda
1213 4274 1333 4338 Paulus
1360 4289 1438 4337 usus
1460 4272 1510 4348 sit,
1537 4272 1609 4337 aliis
1633 4287 1718 4352 quae
1739 4269 1782 4335 de

364 4372 550 4455 captivitate
586 4393 723 4441 romana
757 4377 898 4442 sciamus
932 4393 1068 4458 prorsus
1104 4376 1316 4441 contradicat.
1377 4373 1504 4439 Deinde
1536 4379 1644 4440 autem
1676 4373 1780 4438 multa

192 4569 198 4578 .
359 4476 495 4581 pbstarc
520 4477 615 4553 dicit,
640 4479 814 4558 quominus
840 4480 873 4543 in
902 4482 1004 4545 altera
1030 4479 1216 4560 captivitate
1242 4464 1380 4543 romana
1405 4479 1525 4561 scripta
1551 4495 1623 4542 esse
1649 4481 1781 4557 putetur

263 4578 267 4582 ’
361 4580 513 4745 ἕρίεῐοΙε,
537 4580 680 4644 maxime
707 4583 795 4662 quod
820 4582 935 4647 eadem
962 4581 1094 4647 lenitate
1120 4579 1274 4646 tractatus
1300 4582 1421 4647 Paulus
1447 4599 1519 4646 esse
1541 4581 1667 4645 dicatur
1691 4585 1722 4647 et
1745 4579 1778 4642 in

386 4682 478 4747 ltimo
513 4683 626 4747 mortis
662 4684 808 4764 periculo
840 4685 1048 4751 Timotheum
1083 4689 1115 4749 et
1148 4685 1296 4751 Marcum
1330 4685 1373 4749 ad
1405 4702 1440 4749 sc
1466 4690 1607 4751 arcessat
1633 4689 1665 4746 et
1689 4681 1781 4745 hisce
