4350 5586
1037 479 1078 543 32

371 662 463 726 aliter
489 659 654 739 explicare
681 673 748 720 non
773 670 919 736 possum,
946 669 1044 732 quam
1069 660 1105 717 ut
1130 651 1432 717 Schleiermacbero
1460 656 1629 722 assentiar.
1681 660 1786 738 Atque

372 781 472 845 quum
494 769 632 841 utraque
657 759 816 822 sententia
842 763 874 820 et
904 755 1015 820 Baurii
1041 760 1073 819 et
1102 753 1237 820 Sobottil
1263 755 1372 818 multis
1395 763 1563 837 prematur
1588 759 1787 827 difficultati·

373 868 448 941 bus,
483 872 515 928 et
542 862 743 944 argumentis
771 863 991 940 superstructa
1026 858 1083 933 sit,
1116 875 1201 939 quae
1235 858 1418 922 accuratius
1447 867 1592 943 spectata
1617 881 1678 945 pro
1701 864 1786 927 veris

371 969 484 1036 haberi
511 984 577 1030 non
615 964 756 1047 possint,
795 961 988 1041 relinquitur
1018 961 1132 1036 tertia,
1166 961 1257 1043 cujus
1280 966 1396 1025 auctor
1421 957 1703 1030 Schleiermacher
1728 973 1787 1038 est,

372 1073 437 1152 qui,
464 1076 623 1152 utsupra
649 1066 799 1148 exposui,
822 1062 1005 1138 contendit,
1029 1062 1200 1145 epistolam
1224 1067 1369 1126 nostram
1395 1080 1455 1126 nec
1481 1068 1681 1149 respondere
1707 1085 1788 1133 coo-

371 1176 456 1248 silio,
483 1171 571 1252 quod
594 1187 673 1252 prae
697 1186 732 1233 sa
757 1168 859 1244 terat,
885 1184 945 1230 nec
972 1167 1082 1231 debito
1107 1166 1223 1231 ordine
1251 1170 1390 1230 tractare
1414 1182 1487 1241 res,
1514 1187 1575 1235 nec
1601 1170 1788 1237 satisdare

372 1284 404 1340 et
435 1276 583 1340 distincte
613 1273 820 1355 praecipere,
858 1288 943 1353 quae
977 1268 1128 1333 iacienda
1161 1270 1226 1333 sint
1251 1275 1284 1331 et
1315 1269 1371 1349 qui
1403 1266 1556 1336 doctores
1578 1273 1652 1339 lalsi
1678 1274 1787 1356 impu·

373 1378 508 1459 gnandi,
543 1395 604 1441 nec
633 1376 811 1439 immunem
838 1390 910 1436 esse
944 1390 964 1437 a
996 1371 1180 1446 sententiis,
1210 1370 1346 1435 aPauli
1367 1372 1516 1438 doctrina
1543 1376 1789 1456 quodammodo

373 1488 461 1545 certe
484 1479 757 1554 dissentientibus,
779 1482 810 1540 et
835 1479 968 1557 propter
990 1491 1105 1539 omnes
1131 1476 1190 1539 has
1217 1491 1332 1538 causas
1358 1492 1379 1539 a
1403 1475 1609 1556 paulinorum
1633 1480 1789 1560 epistola·

374 1604 447 1649 rum
469 1582 579 1647 indole
605 1582 810 1661 aliquatenus
837 1577 1010 1654 recedere,
1043 1583 1075 1641 el
1100 1582 1232 1659 propter
1257 1576 1447 1642 allinitatem
1478 1579 1790 1664 similitudinemque

374 1693 406 1752 et
432 1687 665 1750 sententiarum
692 1689 723 1747 et
746 1682 923 1746 verborum
942 1697 1017 1745 cum
1045 1679 1189 1762 epistolis
1218 1678 1259 1744 ad
1285 1679 1346 1744 Tit.
1372 1688 1403 1745 et
1429 1681 1466 1745 ll.
1491 1681 1534 1746 ad
1559 1684 1652 1763 Tim,
1680 1703 1724 1749 ex
1749 1685 1789 1748 il-

374 1791 413 1854 lis
440 1789 566 1853 duabus
591 1785 801 1868 compilatam
828 1782 1004 1865 putandam
1030 1799 1112 1847 esse.
1173 1780 1266 1860 Quae
1301 1800 1401 1863 quum
1428 1787 1590 1851 sententia
1615 1788 1790 1853 difficulta-

374 1899 441 1969 tes,
477 1908 557 1972 quas
583 1908 645 1954 nec
665 1890 753 1953 Baur
778 1905 839 1951 neo
865 1884 978 1951 Schott
998 1903 1118 1967 negare
1145 1902 1251 1965 neque
1278 1881 1387 1950 tamari
1405 1886 1581 1969 'explicare
1603 1895 1791 1972 potuerunt,

375 1995 498 2076 optime
522 1994 663 2075 explicet
689 1996 720 2055 et
744 1996 917 2065 amoveat,
949 1989 1037 2053 haud
1062 1993 1185 2052 temere
1212 1987 1323 2052 tacere
1350 1987 1431 2052 mihi
1454 1988 1587 2069 videor,
1611 1996 1639 2058 si
1665 1993 1711 2057 illi
1736 2009 1791 2058 as·

375 2098 499 2162 sentior
534 2103 565 2160 et
602 2111 676 2159 cum
703 2092 1004 2158 Schleiermachero
1031 2091 1202 2173 epistolam
1227 2091 1331 2156 Paulo
1355 2091 1415 2173 ipsi
1442 2096 1619 2160 attribuere
1642 2113 1791 2161 summo·

375 2218 453 2283 pere
484 2200 609 2265 dubito.
673 2197 709 2260 ln
736 2197 871 2278 singulis
898 2195 1029 2276 quidem
1056 2211 1124 2258 non
1149 2194 1271 2274 ubique
1297 2192 1588 2263 Schleiermacheri
1612 2200 1803 2279 sententias,

375 2309 480 2379 tueor,
506 2302 563 2367 sed
588 2299 754 2365 nonnullis
776 2299 858 2367 locis
881 2299 990 2376 illum,
1013 2297 1147 2362 ductum
1173 2296 1330 2373 fortasse,
1364 2315 1463 2379 quam
1489 2302 1602 2367 animo
1629 2319 1792 2384 concepe-

376 2413 426 2470 rat
450 2405 611 2470 sententia
636 2402 740 2466 nimio
761 2401 918 2484 pressisse
942 2406 974 2465 et
999 2400 1084 2466 falso
1107 2417 1278 2464 accusasse
1307 2401 1465 2481 epistolae
1492 2405 1688 2486 scriptorem
1711 2422 1792 2469 con·

376 2509 480 2589 cedo,
514 2525 599 2589 quae
634 2510 744 2570 umen
772 2522 872 2586 quum
898 2521 989 2569 mere
1015 2504 1079 2568 sint
1104 2502 1272 2583 exegetica
1299 2503 1351 2566 hic
1377 2509 1464 2568 recte
1497 2506 1711 2587 praetermitti
1737 2525 1793 2571 ar.

376 2614 498 2687 bitror,
523 2611 557 2674 in
583 2610 647 2673 lloe
673 2613 782 2672 autem
808 2608 957 2688 opusculi
985 2606 1167 2688 periculum
1192 2605 1311 2671 taciem
1338 2607 1474 2687 originis
1500 2610 1660 2691 epistolae
1685 2611 1792 2691 expli-

377 2714 511 2788 candae,
542 2709 631 2793 quod
656 2710 758 2790 hanc,
791 2728 890 2792 quam
917 2710 970 2773 bic
996 2708 1172 2792 proposui,
1198 2709 1409 2787 sententiam,
1435 2715 1470 2776 ut
1495 2728 1593 2794 spero
1617 2713 1791 2780 illustrabit

377 2822 475 2899 atque
498 2814 726 2879 confirmabit,

432 3000 457 3066 s.
481 2992 510 3054 2.
554 2990 718 3054 donamina
742 2988 869 3071 originis
891 2985 1069 3068 posterioris
1095 2984 1132 3048 ad
1153 2983 1339 3049 Timotheum
1362 2986 1505 3068 epistolae
1528 2948 1734 3072 explicandae.

504 3137 533 3205 l.
585 3138 751 3203 Eichborn
778 3154 819 3200 ex
847 3151 887 3199 ea
912 3152 949 3198 re
973 3132 1144 3214 epistolam
1171 3136 1318 3196 nostram
1339 3133 1479 3198 traxisse
1504 3136 1665 3217 originem
1692 3148 1793 3221 putat,

380 3243 486 3326 quod,
517 3260 617 3325 quum
653 3245 766 3304 notum
803 3243 905 3312 esset,
946 3236 1154 3300 Timotheum
1180 3235 1273 3298 initio
1298 3236 1386 3317 apud
1412 3236 1549 3301 Paulum
1573 3241 1699 3308 Romae
1726 3260 1794 3309 non

380 3348 479 3412 luisse
502 3345 560 3410 sed
583 3348 697 3428 postea
724 3343 754 3406 ei
781 3340 880 3405 luisse
904 3339 1050 3412 socium,
1085 3343 1117 3401 et
1140 3336 1328 3401 crederetur
1354 3339 1492 3419 epistola
1514 3343 1672 3423 quadam,
1710 3364 1795 3427 quae

379 3459 488 3515 tamen
516 3450 684 3531 periisset,
710 3446 849 3509 Romam
878 3447 1011 3506 vocatus
1037 3457 1127 3517 esse,
1153 3439 1330 3521 discipulus
1351 3441 1406 3506 illa
1431 3443 1534 3518 Pauli,
1559 3448 1615 3525 qui
1641 3448 1796 3529 epistolas

380 3555 421 3618 ad
459 3552 520 3616 Tit
549 3558 581 3616 et
612 3550 637 3614 l.
668 3547 709 3613 ad
735 3548 817 3612 Tim.
845 3546 913 3628 jam
940 3543 1112 3621 edidisset,
1146 3544 1304 3608 adductus
1328 3551 1428 3620 esset,
1458 3552 1493 3609 ut
1519 3547 1609 3612 illam
1635 3549 1795 3630 perditam

381 3657 553 3738 epistolam
585 3653 778 3717 restitueret.
840 3647 1049 3728 Quapropter
1075 3647 1247 3727 collegisse
1268 3665 1344 3710 eum
1369 3648 1530 3728 quaedam
1553 3651 1733 3730 peculiaria
1755 3656 1796 3720 de

380 3759 553 3825 Timotheo
580 3754 678 3820 etde
704 3754 807 3818 Paulo
829 3752 959 3834 captivo
986 3751 1082 3814 etde
1107 3751 1245 3814 ecclesia
1271 3749 1405 3831 ephesia
1430 3754 1462 3814 et
1495 3769 1538 3814 ex
1569 3753 1658 3818 hisce
1687 3759 1796 3820 omni·

381 3863 441 3926 bus
460 3859 693 3941 composuisse
719 3862 863 3920 nostram
890 3854 1083 3937 epistolam,
1120 3870 1186 3918 non
1213 3852 1345 3933 quidem
1372 3857 1441 3916 arte
1474 3858 1506 3917 et
1535 3854 1651 3920 ordine
1676 3875 1797 3925 conce·

382 3965 501 4045 ptionis
526 3963 707 4042 insignem,
733 3959 792 4023 sed
818 3959 936 4023 sinceri
962 3959 1085 4022 amoris
1108 3957 1239 4037 plenam
1266 3960 1296 4018 et
1321 3956 1414 4020 Pauli
1438 3953 1645 4033 affectiones,
1679 3962 1796 4041 qulbus

383 4069 479 4130 morti
505 4066 674 4147 proximus
700 4067 973 4137 commoveretur,
998 4060 1136 4124 feliciter
1160 4057 1328 4123 imitatam.

504 4161 537 4233 2.
590 4168 639 4232 De
664 4165 772 4229 Wetto
798 4165 831 4228 in
858 4163 1046 4227 universum
1067 4162 1239 4243 epistolam
1262 4161 1401 4226 consilio
1428 4159 1516 4240 quod
1537 4177 1618 4240 prae
1643 4180 1679 4228 se
1704 4165 1798 4241 ierat,

382 4271 583 4353 respondere
606 4267 766 4342 concedit,
799 4283 899 4347 quum
925 4264 1093 4346 apostolus
1119 4264 1170 4327 sui
1196 4266 1381 4344 negligens,
1407 4266 1493 4326 totus
1519 4280 1599 4327 vero
1625 4270 1798 4349 apostolici

382 4374 527 4441 muneris
550 4391 631 4438 cura
656 4372 817 4452 impletus,
844 4369 986 4451 primum
1013 4372 1176 4450 exponat,
1207 4384 1292 4447 quae
1317 4366 1506 4431 Timotheus
1533 4365 1643 4432 tacere
1669 4371 1798 4450 debeat,

383 4483 418 4543 ut
444 4479 627 4558 apostolico
652 4460 763 4539 officio
789 4471 984 4546 satisfaciat,
1021 4478 1053 4534 et
1075 4469 1243 4552 quomodo
1269 4470 1333 4532 hoc
1359 4472 1551 4549 assequatur
1572 4472 1674 4536 multa
1701 4491 1798 4554 prae-

384 4582 482 4662 cipiat
508 4584 539 4642 et
565 4579 750 4651 admoneat,
776 4583 873 4658 atque
899 4575 949 4640 his
977 4573 1177 4655 pertractatis
1200 4570 1407 4635 Timotheum
1433 4577 1469 4636 ut
1491 4572 1532 4637 ad
1553 4589 1589 4638 sa
1616 4576 1724 4640 veniat
1746 4577 1799 4640 in·

383 4686 461 4750 vitet
483 4682 647 4762 variisque
680 4680 841 4744 mandalis
875 4677 1048 4759 impertiat.
1114 4673 1180 4740 Sed
1207 4674 1340 4756 singulis
1367 4677 1533 4742 sententiis
1559 4693 1798 4759 saepenumero
