4350 5586
889 1470 1021 1541 CAPUT
1055 1469 1291 1544 SECUNDUM.

380 1635 956 1731 DEARGUMENTISEX
966 1643 1451 1732 CONSTITUTIONE
1465 1645 1796 1734 ECCLESIAE

459 1758 923 1870 INSTlTUTlSQUE
955 1759 1436 1848 ECCLESIASTICIS
1469 1764 1720 1850 PETlTlS.

764 1997 769 2006 “
826 2002 855 2073 ς.
880 1992 908 2062 1.
951 1997 998 2061 lle
1021 1999 1152 2064 ecclesis
1176 1998 1350 2080 apostolica.

492 2151 528 2215 ln
553 2151 793 2219 consideranda
820 2153 959 2218 ecclesia
984 2152 1177 2235 apostolica,
1202 2154 1359 2220 societate
1385 2172 1444 2236 per
1466 2155 1564 2218 fidem
1582 2154 1615 2217 in
1636 2152 1798 2218 Christum

379 2251 555 2333 conjuncta
579 2260 612 2318 et
637 2254 679 2319 ad
705 2257 948 2322 similitudinem
973 2272 1162 2338 synagogae
1183 2255 1335 2338 judaicae
1360 2257 1544 2338 constituta,
1569 2262 1711 2337 quatuor
1727 2273 1799 2321 ma·

379 2355 468 2419 xime
489 2373 544 2421 res
569 2359 766 2439 spectandae
789 2364 874 2436 sunt,
897 2373 1015 2424 munus
1038 2348 1316 2442 presbyterorum,
1340 2360 1397 2442 qui
1423 2360 1517 2441 quasi
1542 2365 1673 2424 senatus
1692 2355 1798 2424 eccle·
1864 2369 1867 2375 ⁴

379 2457 528 2523 siasticus
555 2460 713 2541 regebant
738 2462 932 2539 ecclesiam,
957 2477 1076 2526 munus
1111 2460 1346 2539 diaconorum,
1380 2462 1435 2544 qui
1468 2462 1607 2526 ministri
1640 2463 1799 2534 ecclesiae

381 2576 481 2625 curae
507 2579 689 2645 pauperum
715 2569 748 2629 et
773 2571 985 2646 aegrotorum
1011 2570 1203 2644 praeerant,
1236 2566 1407 2647 disciplina
1431 2570 1530 2648 etque
1555 2565 1655 2640 ritus,
1680 2564 1798 2647 quibus

382 2663 521 2729 ecclesia
547 2667 708 2731 utebatur.
759 2667 905 2732 Primum
930 2666 1022 2749 quod
1048 2667 1089 2732 ad
1115 2668 1334 2750 presbyteros,
1367 2669 1424 2749 qui
1448 2685 1537 2733 nunc
1560 2668 1717 2732 hebraico
1735 2667 1799 2732 -ilto

380 2782 468 2831 nunc
493 2784 612 2848 graeco
637 2768 771 2834 nomine
797 2772 1028 2853 cpiscoporum
1054 2771 1125 2836 sine
1150 2771 1217 2836 ullo
1238 2770 1425 2836 discrimine
1451 2769 1717 2854 appellabantur,
1749 2775 1799 2834 at·

380 2869 476 2945 tinet,
509 2871 630 2935 seium
653 2889 696 2937 ex
720 2877 878 2939 Actorum
907 2874 1085 2952 relations,
1120 2889 1201 2938 mox
1226 2880 1301 2956 post
1322 2874 1441 2938 testum
1461 2878 1666 2956 pentecostes
1692 2873 1799 2939 eccle·

378 2972 446 3037 slas
480 2971 791 3055 hierosolymitanae
824 2976 994 3060 apostolos
1025 2976 1115 3059 ipsos
1144 2977 1352 3060 presbyteros
1382 2977 1563 3058 praefuisse
1587 2980 1621 3040 et
1645 2977 1798 3040 omnibus

377 3075 535 3140 ecclesiae
561 3077 659 3143 rebus
684 3079 912 3162 prospexisse,
936 3083 1034 3160 atque
1060 3079 1161 3143 etiam
1188 3084 1303 3162 postea
1328 3080 1498 3162 apostolos
1524 3079 1655 3144 Petrum
1681 3082 1715 3143 et
1737 3078 1809 3143 Jo-

377 3194 498 3243 annom
524 3180 701 3264 praecipue
728 3187 837 3247 autem
859 3183 1039 3258 laconum,
1064 3179 1143 3248 lesu
1170 3182 1324 3259 fratrem,
1348 3183 1508 3248 ccclesiae
1533 3182 1798 3262 hierosolymita-

377 3295 441 3344 nae
474 3283 660 3363 praetactos
695 3285 878 3351 invenimus
914 3281 994 3372 (Act,
1016 3280 1095 3372 XV).
1146 3283 1233 3350 llum
1259 3291 1370 3351 autem
1396 3285 1632 3366 Hierosolymis
1656 3286 1798 3367 apostoli

377 3382 438 3465 ipsi
460 3386 725 3466 presbyterorum
749 3389 895 3468 partibus
921 3388 1149 3469 iungebantur,
1175 3389 1209 3453 ln
1235 3389 1391 3465 ecelesiis,
1417 3405 1498 3471 quas
1524 3387 1643 3452 Paulus
1669 3387 1702 3450 in
1719 3387 1798 3452 Asia

380 3483 583 3569 Graeciaque
620 3489 785 3564 condidit,
821 3491 1010 3556 necessario
1042 3490 1224 3572 presbyteri
1258 3510 1301 3557 ex
1336 3492 1470 3556 eccesia
1501 3491 1573 3573 ipsa
1599 3489 1740 3571 eligendi
1765 3496 1798 3554 ot

377 3588 525 3655 initiandi
548 3596 651 3684 erant,
675 3593 760 3657 sicut
786 3593 907 3659 tactum
933 3609 1006 3658 esse
1031 3594 1179 3659 videmus
1205 3612 1226 3659 a
1248 3594 1352 3660 Paulo
1378 3598 1448 3659 Act
1469 3593 1552 3669 xvt,
1577 3583 1637 3671 23,
1663 3599 1698 3656 nt
1722 3592 1797 3655 nbi·

379 3707 443 3771 quo
465 3699 642 3776 antequam
676 3696 782 3760 abiret
812 3698 1037 3760 consentiente
1063 3701 1095 3760 el
1120 3698 1253 3762 conscia
1279 3697 1421 3762 ‘swlesta
1448 3696 1581 3777 eligeret
1607 3694 1796 3759 introduce-

377 3800 491 3876 reique
526 3799 746 3880 presbyteros.
804 3800 847 3865 lis
872 3797 1064 3864 mandatum
1090 3804 1177 3876 crat,
1203 3805 1239 3866 nt
1264 3805 1416 3881 regerent
1440 3799 1613 3864 ecclesiam
1639 3795 1796 3862 deiende-

378 3902 514 3980 rentque
536 3900 580 3964 als
602 3901 693 3966 omni
720 3899 803 3966 lalsa
828 3900 1046 3976 doctrinam
1069 3901 1241 3984 improbos
1267 3906 1441 3968 monerent
1465 3906 1497 3965 et
1520 3901 1548 3965 si
1573 3902 1607 3964 in
1632 3901 1795 3982 perversi·

377 4003 442 4064 tate
476 4008 660 4083 perstarent
684 4020 727 4068 ex
754 4004 911 4069 societate
936 4003 1149 4069 excluderent
1167 4000 1209 4092 -(Ι.
1232 4004 1309 4071 Gor.
1332 4000 1381 4091 V.)
1405 4004 1546 4085 deniqne
1571 4007 1607 4066 ut
1633 4001 1795 4068 donando

376 4106 410 4164 et
429 4099 580 4170 docendo
605 4107 639 4171 in
666 4106 819 4170 omuibus
843 4106 995 4172 ordinem
1020 4111 1054 4172 et
1075 4107 1175 4171 decus
1194 4115 1364 4174 servarent
1385 4113 1420 4172 et
1443 4112 1551 4171 essem
1576 4106 1670 4186 quasi
1689 4107 1795 4171 ecclc-

376 4204 446 4266 siae
471 4212 636 4288 pastores,
663 4211 718 4291 qui
751 4226 852 4274 omno
883 4210 1006 4274 malum
1041 4226 1062 4274 a
1095 4227 1193 4291 grege
1219 4211 1258 4277 iis
1285 4211 1482 4277 demandato
1507 4207 1680 4288 diligenter
1700 4225 1795 4274 aroe-

378 4312 449 4370 rcnt
481 4302 561 4394 (act
594 4311 672 4386 XX,
702 4302 850 4398 18sqq.l.
908 4310 1111 4394 Stipendium
1138 4315 1177 4377 iis
1203 4314 1402 4396 impertitum
1426 4329 1509 4388 osse,
1535 4327 1697 4393 nusquam
1722 4329 1794 4376 mo-

376 4416 541 4488 moratur,
571 4414 630 4478 sed
655 4415 805 4479 hortatur
829 4414 1102 4480 tantum-Paulus
1134 4415 1285 4495 Galatas,
1324 4421 1361 4481 nt
1391 4415 1526 4481 edoctus
1553 4414 1594 4478 de
1619 4415 1795 4495 evangello

376 4510 506 4578 docenti
525 4517 637 4581 omnia
664 4516 753 4582 bona
774 4518 939 4601 impertiat
961 4513 1043 4604 (Gal.
1069 4519 1106 4595 V,
1132 4512 1179 4607 d).
1244 4521 1294 4586 dl)
1315 4516 1409 4584 initio
1431 4515 1613 4600 presbyteri
1637 4517 1700 4583 soli
1720 4533 1794 4581 ma·

375 4615 526 4696 gistratns
559 4619 594 4683 in
628 4620 767 4685 ecclesia
800 4626 894 4688 erant
924 4625 1023 4704 atque
1056 4622 1155 4686 etiam
1188 4638 1289 4688 curae
1316 4637 1498 4703 pauperum
1512 4625 1557 4684 -et
1582 4624 1793 4701 aegrotorum

374 4726 566 4800 praeerant;
607 4722 667 4786 sed
701 4738 802 4804 quum
835 4725 1031 4791 incresceret
1065 4724 1204 4790 ecclesia
1232 4725 1407 4806 mutusque
1437 4742 1479 4790 ex
1506 4723 1568 4788 lrnc
1592 4739 1690 4787 causa
1712 4721 1792 4787 onis
