4350 5586
1022 472 1063 537 to

336 647 438 721 ἐστιν
472 635 541 725 τιν
574 628 876 731 discernendum,
914 630 987 714 ὑπὸ
1017 642 1087 723 riis
1120 632 1327 730 ἐκκλησίας
1353 636 1494 738 ἔκρινεν
1515 632 1754 717 Ἀπόστολοι

336 739 572 839 γαμουμένης
600 739 849 842 παρορᾶσθαι
885 753 917 809 et
950 746 1027 826 quia
1062 748 1148 811 hunc
1181 764 1309 811 morem
1336 763 1356 811 a
1382 746 1474 811 Pauli
1500 749 1629 812 ratione
1656 748 1756 828 plane

335 871 405 917 esse
436 851 580 915 alienum
615 849 800 926 contendit,
832 850 917 914 hauc
945 848 1197 931 descriptionem
1224 855 1260 914 ut
1286 854 1411 913 certum
1436 851 1569 915 serioris
1596 850 1753 931 temporis

336 957 464 1037 signum
499 953 664 1036 proponit.
698 988 738 999 —
775 953 864 1017 Banr
889 952 955 1017 alio
981 951 1082 1017 modo
1108 971 1149 1018 ex
1177 953 1233 1018 illo
1265 952 1341 1017 loco
1365 952 1500 1017 serioris
1527 954 1683 1035 temporis
1709 952 1754 1016 si·

335 1077 434 1140 gnum
468 1056 578 1121 efficit.
644 1054 769 1120 Ductus
802 1055 888 1121 enim
925 1055 1102 1136 opinione,
1142 1055 1274 1120 ll'im.
1308 1056 1340 1119 in
1365 1056 1527 1120 sententia
1552 1056 1592 1121 de
1624 1054 1754 1119 leminis

335 1163 432 1245 plane
456 1178 530 1224 cum
557 1157 835 1237 recognitionibus
860 1156 1034 1223 Clementis
1059 1158 1263 1236 consentire,
1297 1175 1381 1239 quae
1414 1159 1658 1224 matrimonium
1681 1175 1755 1222 ma·

336 1266 425 1329 xime
451 1261 674 1326 necessarium
702 1261 743 1326 ad
769 1260 953 1327 coercenda
979 1261 1153 1325 mulierum
1182 1262 1259 1325 vitia
1286 1277 1357 1324 esse
1384 1261 1592 1340 contendant,
1619 1262 1653 1326 in
1679 1263 1755 1326 loco

336 1369 374 1444 V,
396 1357 537 1432 3-16
554 1351 794 1436 verna‘ivrns
817 1351 920 1459 χήρα
947 1364 987 1428 de
1006 1364 1145 1441 leminis,
1176 1382 1260 1445 quae
1287 1363 1364 1428 viris
1388 1363 1525 1428 orbatae
1551 1382 1631 1446 ergo
1655 1382 1755 1428 serae

335 1469 455 1533 ιιιιιιιιι
483 1468 557 1543 sint,
583 1472 744 1530 contra
725 1454 887 1563 ιεῶτερα
914 1455 1017 1562 χήρα
1045 1485 1111 1532 ιιοιι
1139 1466 1215 1530 de
1201 1467 1334 1550 juniore
1359 1466 1468 1544 vidua,
1504 1466 1562 1532 sed
1588 1467 1629 1532 de
1656 1467 1755 1532 vidua

335 1571 568 1647 ecclesiastica,
592 1570 661 1633 sive
687 1568 727 1634 de
750 1559 940 1666 παρθένῳ
966 1592 1014 1660 τῃ
1002 1560 1230 1660 λεγομένῃ
1257 1557 1360 1664 χήρα
1384 1571 1623 1652 interpretatur,
1651 1574 1683 1634 el
1705 1576 1755 1634 ta·

339 1679 386 1740 les
413 1674 574 1753 uirgines,
612 1689 698 1754 quae
724 1672 982 1737 diaconissarum
1010 1677 1119 1753 partes
1144 1678 1303 1754 perpetuo
1325 1673 1467 1738 caelibes
1489 1674 1624 1755 expiere
1646 1674 1757 1749 veiint

338 1782 372 1843 in
396 1775 640 1841 matrimonium
669 1774 710 1839 ad
741 1775 873 1839 vitanda
903 1774 1001 1849 vitia,
1035 1773 1110 1838 duci
1137 1774 1255 1856 jubere
1280 1780 1428 1840 nostram
1454 1777 1626 1858 epistolam
1654 1781 1756 1858 putat.

338 1881 435 1946 Tales
461 1878 614 1959 virgines,
639 1895 722 1958 quae
749 1879 891 1959 virgines
915 1878 1153 1943 ecclesiasticae
1176 1879 1365 1943 nominatae
1387 1879 1462 1956 sint,
1488 1897 1588 1960 quum
1610 1878 1757 1944 secundo

340 1985 472 2049 demum
503 1981 636 2045 saeculo
667 1981 851 2045 exstiterint
884 1976 1015 2066 (Tertul.
1040 1980 1080 2044 de
1110 1972 1434 2061 velaud.virg.13;
1473 1981 1575 2062 ignat
1600 1983 1692 2064 episi.
1721 1975 1755 2067 9)

340 2093 469 2153 nostras
492 2085 647 2166 epistolas
673 2085 861 2149 necessario
884 2100 925 2146 eo
953 2082 1083 2147 demum
1109 2089 1256 2165 tempore
1283 2084 1419 2166 scriptas
1445 2100 1527 2149 esse.

452 2186 575 2253 Contra
607 2186 693 2249 lianc
714 2187 826 2250 Baurii
849 2186 1043 2251 sententiam
1067 2187 1208 2270 primum
1236 2191 1375 2268 pugnat,
1409 2188 1535 2268 quod
1527 2205 1561 2251 ιιι
1586 2192 1655 2252 ιοιο
1682 2188 1758 2251 loco

343 2294 379 2368 V,
404 2283 486 2356 3-
500 2285 547 2354 16
575 2289 713 2352 verbnm
732 2277 841 2384 χήρα
863 2306 993 2371 semper
1019 2291 1166 2371 proprio,
1193 2307 1361 2370 nunquam
1382 2292 1511 2373 tropico
1537 2306 1636 2356 sensu
1661 2306 1758 2354 usur-

342 2400 456 2477 patur,
480 2390 599 2457 deindo
622 2397 751 2469 autem,
787 2392 875 2474 quod
897 2392 1039 2472 ignatius
1064 2410 1131 2457 non
1158 2392 1348 2474 simpliciter
1372 2380 1495 2487 χήρας
1520 2393 1592 2456 illas
1616 2392 1758 2473 virgines

341 2497 513 2573 nominat,
552 2493 609 2559 sed
634 2517 707 2568 τας
732 2486 946 2583 λεγομένας
966 2493 1101 2576 adjecit,
1138 2494 1278 2576 denique
1305 2495 1392 2577 quod
1419 2496 1637 2573 Tertullianus
1663 2494 1758 2560 nobis

344 2599 487 2675 tradidit,
508 2600 569 2663 has
592 2596 734 2677 virgines
750 2614 902 2679 perraras
921 2596 1031 2674 luisse,
1055 2597 1122 2661 ut
1114 2615 1184 2680 ipso
1202 2599 1302 2662 talem
1318 2598 1476 2679 virginem
1503 2595 1635 2664 viduam
1662 2617 1760 2665 mon·

343 2710 447 2768 strum
472 2703 506 2766 in
532 2699 670 2766 ecclesia
692 2706 843 2778 vocaret,
877 2705 975 2781 atque
1001 2718 1043 2764 ex
1070 2700 1120 2764 iris
1144 2702 1326 2766 rationibus
1352 2701 1435 2766 falsa
1460 2703 1539 2766 milri
1570 2719 1642 2768 esse
1667 2701 1760 2768 vidc-

343 2814 407 2882 tur,
430 2822 531 2886 quum
555 2807 766 2885 praelereae
794 2803 887 2879 laisa,
911 2819 1009 2883 quam
1036 2802 1125 2867 Baur
1150 2803 1191 2869 de
1217 2805 1344 2885 origine
1371 2805 1583 2886 epistolarum
1610 2805 1762 2886 concepit

344 2909 501 2992 opinione
535 2905 678 2971 oriunda
707 2907 759 2970 sit.
813 2905 860 2970 Ad
888 2903 1180 2971 Schleiermacheri
1205 2912 1312 2971 antem
1339 2910 1533 2972 sententiam
1559 2909 1619 2972 rite
1641 2906 1760 2990 dijudi-

344 3011 484 3076 candam
507 3010 618 3091 aliqua
644 3025 715 3072 esse
736 3007 974 3091 praemittenda
999 3007 1159 3074 videnlur.
1211 3013 1282 3075 dcl.
1306 3009 1400 3086 xxi,
1428 3002 1451 3076 8
1477 3011 1513 3075 lit
1538 3010 1662 3075 mentio
1683 3010 1761 3075 Phi·

344 3114 441 3198 lippi,
474 3113 529 3195 qui
556 3113 699 3195 primum
725 3129 808 3177 unus
836 3130 854 3176 e
881 3116 1005 3193 septem
1031 3110 1178 3177 diaconis
1206 3112 1267 3176 luit
1293 3113 1335 3176 ab
1362 3113 1500 3178 ecclesia
1523 3113 1761 3193 Hierosolymi-

346 3226 422 3282 tana
446 3216 558 3281 electis
582 3219 652 3279 Ant.
678 3215 729 3281 Vl.
751 3221 867 3296 postea
895 3232 975 3279 vero
1000 3215 1219 3295 evangelistae
1245 3233 1382 3280 munere
1415 3214 1596 3281 Caesareae
1631 3215 1760 3281 iunctus

345 3325 404 3385 est.
456 3317 624 3384 Nescimus
651 3317 794 3398 quidem,
821 3334 905 3399 quae
930 3317 1063 3399 negotia
1088 3318 1328 3398 magistratibus
1351 3319 1486 3400 singuiis
1513 3320 1670 3384 ecclesiae
1692 3319 1760 3400 pri·
1783 3317 1788 3331 ’

346 3440 483 3487 maenae
516 3419 671 3503 imposita
701 3420 837 3496 tuerint,
871 3423 1013 3484 attamen
1041 3421 1105 3484 hoo
1130 3420 1300 3487 indubium
1327 3427 1392 3497 est,
1425 3440 1543 3487 munus
1572 3421 1761 3487 diaconici

344 3543 464 3591 munus
491 3522 711 3603 evangelistae
737 3541 803 3587 non
831 3539 932 3586 unum
959 3523 1059 3588 inisse
1081 3523 1251 3606 idemque,
1278 3543 1377 3607 quum
1405 3527 1487 3591 alter
1511 3542 1610 3590 curae
1636 3540 1761 3607 paupe-

345 3647 420 3694 rum
451 3631 662 3708 aegrotorum
686 3629 870 3709 praeesset,
894 3625 977 3690 alter
999 3626 1193 3692 christianos
1218 3627 1296 3692 lesu
1322 3628 1492 3693 historiam
1518 3628 1637 3693 docere
1661 3644 1762 3708 saepe

345 3729 512 3797 narrando
539 3729 681 3792 deberet.
732 3728 812 3793 lnde
838 3733 947 3794 antem
962 3730 1119 3810 seqnitur,
1146 3748 1213 3794 non
1232 3730 1332 3794 inisse
1347 3730 1452 3811 legem
1471 3732 1503 3794 in
1522 3730 1662 3796 ecclesia
1678 3748 1763 3811 quae

347 3836 505 3899 diaconos
528 3847 659 3913 semper
679 3831 712 3895 in
738 3848 875 3897 munere
897 3837 1043 3913 perstare
1063 3834 1205 3915 juberet,
1230 3838 1264 3897 et
1288 3851 1388 3914 quum
1409 3834 1555 3899 diaconis
1573 3834 1696 3898 licitum
1711 3833 1761 3907 sit,

347 3937 437 4005 atiud
462 3952 580 4000 munus
606 3935 772 4016 suscipere
798 3952 905 4017 eoque
930 3933 1031 4017 iungi,
1057 3937 1145 3999 nulla
1169 3935 1253 4000 ratio
1274 3936 1415 4001 inveniri
1438 3942 1554 4019 potest,
1575 3954 1634 4001 cnr
1649 3936 1762 4003 diano·

348 4041 443 4107 nissis
463 4039 519 4103 lex
542 4037 696 4119 imposita
716 4038 767 4114 sil,
789 4042 823 4100 ut
848 4055 980 4119 semper
1010 4042 1224 4119 permaneant
1247 4038 1280 4104 in
1295 4039 1416 4105 cilicio.
1450 4040 1517 4104 Lex
1534 4040 1641 4121 igitur,
1678 4057 1763 4120 qnae

349 4142 550 4210 diaconissas
569 4141 663 4224 jubet
689 4157 791 4222 nsque
817 4140 858 4204 ad
878 4146 1018 4204 mortem
1042 4142 1075 4205 in
1094 4140 1205 4205 officio
1228 4160 1432 4223 permanere,
1458 4152 1490 4207 et
1506 4143 1593 4208 liunc
1611 4144 1643 4209 in
1665 4140 1762 4206 duem

350 4265 405 4312 eas
437 4246 553 4309 ilerum
583 4242 707 4308 nubere
739 4247 842 4320 vetat,
874 4261 893 4307 a
919 4243 1149 4309 constitutione
1177 4246 1333 4309 ecclesiae
1360 4249 1394 4310 ιιι
1420 4264 1461 4309 ex
1485 4247 1572 4310 Actis
1594 4247 1689 4312 nobis
1712 4247 1763 4309 in·

313 4372 315 4389 ·
350 4348 465 4423 notuit,
491 4349 671 4412 abhorrere
697 4346 834 4421 videtur,
858 4345 1001 4426 ideoque
1026 4347 1170 4412 maximo
1194 4348 1328 4412 dubium
1355 4353 1419 4422 est,
1447 4364 1525 4411 num
1552 4349 1656 4414 Paulo
1682 4348 1764 4413 haec

351 4456 404 4517 lex
430 4450 569 4515 adscribi
597 4450 716 4532 possit,
754 4450 947 4532 praesertim
982 4467 1081 4532 quum
1107 4456 1294 4532 reputemus
1320 4450 1506 4532 Philippum
1530 4452 1621 4516 illum
1647 4452 1763 4516 eodem

351 4563 517 4637 tempore,
549 4571 614 4634 quo
641 4553 798 4634 epistola,
830 4552 856 4616 si
881 4552 974 4618 Pauli
999 4558 1057 4630 est,
1083 4552 1255 4617 scribenda
1281 4552 1361 4631 luit,
1397 4556 1631 4636 evangelistam
1664 4555 1764 4619 luisse

351 4663 524 4742 postquam
551 4655 640 4738 prins
667 4654 825 4721 diaconus
854 4654 977 4735 iuerat,
1010 4660 1108 4737 alque
1134 4656 1231 4721 etiam
1258 4656 1339 4722 alias
1370 4676 1485 4725 causas
1513 4658 1646 4737 adesse,
1680 4673 1764 4738 quae
