4350 5588
1070 492 1108 554 lt

377 674 533 751 delatum,
557 671 602 736 ibi
628 667 836 754 praedicasse
861 667 1067 749 evangelium
1097 673 1128 733 et
1155 668 1248 746 Tito,
1275 668 1331 750 qui
1353 669 1418 734 alia
1442 670 1495 736 via
1520 671 1554 736 iu
1581 670 1710 738 Cretam
1736 692 1794 741 ve·

380 777 497 854 uisset,
522 779 668 839 nostram
693 772 864 853 epistolam
890 774 1007 852 postea
1032 771 1163 854 Epheso
1189 772 1333 849 misisse,
1355 789 1541 853 quanquam
1568 793 1635 840 nou
1659 795 1793 859 prorsus

379 880 424 943 illi
452 876 636 958 negandum
661 874 804 952 videtur,
836 878 910 955 post
934 875 1074 955 primam
1101 874 1320 955 captivitatem
1347 892 1519 939 romanam
1541 880 1694 960 scriptam
1722 898 1793 946 esse

379 981 552 1064 epistolam
575 984 709 1061 propter
733 975 978 1041 similitudinem
1004 983 1037 1043 et
1055 976 1205 1043 dictionis
1231 982 1264 1042 et
1289 979 1471 1058 argumenti
1496 979 1654 1061 epistolae
1672 982 1714 1049 ad
1736 984 1793 1048 Ti·

379 1088 448 1148 tum
472 1090 504 1147 et
528 1084 647 1164 prioris
673 1079 715 1147 ad
739 1079 955 1145 Timotheum.
1535 1111 1538 1121 ·

499 1177 533 1249 4.
586 1183 730 1250 Credner
756 1181 908 1246 omnibus
931 1182 1003 1247 aliis
1028 1181 1196 1247 sententiis
1220 1179 1347 1263 rejectis
1373 1197 1447 1246 eam
1473 1183 1618 1247 maxime
1634 1185 1793 1266 prohabi-

376 1287 478 1350 bilem
504 1292 536 1352 et
562 1285 770 1352 verisimilem
791 1301 862 1349 esse
885 1284 980 1363 dicit,
1009 1286 1163 1366 scriptam
1177 1281 1261 1349 'esse
1284 1282 1476 1366 epistolam,
1501 1285 1558 1350 ubi
1580 1287 1699 1352 Paulus
1727 1285 1792 1354 Co·

273 1408 276 1412 ⁴
380 1389 478 1454 rintbi
504 1395 588 1455 esset
613 1394 669 1455 eut
693 1387 749 1451 ubi
772 1388 849 1452 hinc
873 1385 1038 1469 Ephesum
1064 1392 1095 1451 et
1120 1385 1349 1466 Hierosolyma
1374 1391 1508 1468 peteret

500 1486 534 1557 5.
585 1490 778 1558 Neudeclser
804 1489 950 1572 Cappelli
977 1495 1009 1554 et
1032 1489 1201 1555 Michaelis
1227 1505 1376 1554 necnon
1404 1485 1509 1553 Grotii
1535 1491 1707 1572 opiniones
1734 1509 1793 1556 ve-

380 1611 433 1659 ras
460 1611 531 1659 esse
557 1599 664 1677 neget,
692 1593 789 1658 etiam
815 1591 945 1657 abillis
972 1593 1167 1669 dissentitur,
1195 1592 1250 1673 qui
1276 1591 1310 1655 in
1337 1592 1597 1657 commoratione
1623 1594 1716 1660 Pauli
1740 1595 1793 1659 iu·

380 1700 429 1761 ter
453 1695 624 1779 Ephesios,
658 1702 713 1763 aut
739 1696 824 1759 iuter
849 1695 990 1776 primam
1017 1700 1049 1760 et
1071 1693 1248 1760 secundam
1275 1695 1492 1775 captiuitatem
1515 1714 1688 1762 romanam
1710 1698 1792 1762 scri·

379 1804 467 1882 ptam
494 1802 667 1881 epistolam
692 1815 763 1863 esse
788 1799 992 1879 putaverint,
1025 1815 1087 1862 nec
1110 1803 1218 1863 tamen
1240 1797 1441 1862 Eichhornio
1469 1802 1501 1862 et
1526 1797 1567 1863 de
1591 1799 1715 1864 Wettio
1736 1817 1792 1864 as-

335 1898 339 1908 '
378 1902 524 1978 sentitur,
559 1904 614 1984 qui
640 1902 765 1966 nullum
789 1902 822 1966 iu
848 1900 941 1965 Pauli
966 1901 1032 1965 vita
1054 1902 1164 1965 locum
1190 1901 1347 1983 epistolae
1375 1899 1561 1980 investigari
1586 1919 1683 1982 posse
1709 1920 1791 1966 cuu-
1842 1912 1845 1918 “

378 2004 549 2083 tenderiut,
574 2003 632 2070 sed
656 2022 756 2085 quum
783 2001 948 2079 Credueri
964 2005 1143 2068 sententiae
1164 2001 1377 2084 adstipuletur
1398 2003 1484 2066 hauc
1502 2004 1599 2068 nullis
1624 2005 1791 2082 contradi·

375 2108 541 2172 ottonibus
566 2108 671 2189 premi
695 2105 837 2186 ideoque
862 2122 1025 2186 provere
1051 2104 1236 2171 habendam
1258 2122 1330 2169 esse
1354 2110 1473 2169 censet

499 2210 536 2273 ln
570 2208 784 2293 dijudicandis
815 2208 903 2273 bisce
935 2209 1100 2272 sententiis
1138 2209 1220 2273 haec
1261 2207 1326 2271 duo
1370 2207 1510 2272 tenenda
1546 2211 1637 2285 sunt,
1675 2224 1790 2273 omues

375 2328 506 2376 errasse
533 2313 587 2393 qui
609 2314 762 2395 scriptam
787 2327 858 2374 esse
884 2311 1056 2393 epistolam
1082 2318 1156 2393 post
1176 2312 1237 2375 iter
1260 2310 1596 2390 hierosolymitanum,
1623 2310 1699 2390 quia
1721 2315 1789 2375 tum

378 2414 497 2479 Paulus
521 2416 669 2480 libertate
703 2414 846 2496 privatus
871 2417 958 2490 erat,
989 2431 1051 2479 nec
1076 2413 1183 2479 minus
1203 2430 1278 2492 eos,
1314 2412 1368 2494 qui
1395 2417 1470 2477 aute
1496 2413 1790 2479 commorationem

375 2516 469 2582 Pauli
496 2520 662 2600 ephesiam
688 2515 828 2598 scriptae
855 2516 1012 2598 epistolae
1038 2521 1165 2598 tempus
1190 2533 1261 2580 esse
1288 2520 1458 2596 putarent,
1486 2520 1680 2596 quamtum
1704 2534 1790 2581 non·

376 2619 454 2683 dum
481 2626 576 2685 notus
604 2624 688 2685 esset
711 2619 814 2683 Paulo
837 2620 965 2701 Apollo.
1018 2616 1211 2696 Sententias,
1241 2619 1358 2698 quibus
1384 2622 1458 2699 post
1484 2619 1625 2700 primaru
1652 2619 1791 2701 captivi·

376 2726 476 2787 tatem
503 2725 639 2805 epistola
663 2723 782 2803 scripta
809 2739 880 2786 esse
904 2722 1043 2798 dieitur,
1072 2723 1142 2803 jam
1175 2717 1209 2805 §.
1238 2711 1271 2784 2.
1296 2720 1447 2785 refutavi.
1509 2721 1608 2786 Recte
1635 2722 1733 2801 igitur
1759 2728 1792 2787 et

377 2822 523 2908 Cappelli
550 2832 581 2889 et
602 2826 771 2891 Michaelis
799 2830 830 2887 et
856 2822 961 2889 Grotii
986 2826 1180 2890 sententiam
1207 2822 1268 2886 viri
1292 2823 1388 2900 docti,
1412 2839 1494 2903 quos
1520 2825 1701 2906 nominavi,
1728 2825 1791 2889 im-

376 2929 616 3017 probaverunt,
649 2927 707 2992 sed
741 2946 781 2991 er
816 2926 936 3008 duplici
969 2926 1099 3007 regula,
1134 2924 1313 2991 secundum
1347 2926 1449 3008 ipsius
1485 2927 1641 3007 epistolae
1670 2921 1816 2993 iudicia'

376 3047 475 3112 supra
502 3032 696 3108 constituta,
726 3030 821 3093 simul
847 3030 993 3111 sequitur
1019 3030 1118 3094 etiam
1144 3028 1323 3094 Sehottium
1351 3033 1383 3092 et
1409 3026 1609 3094 Creduerum
1645 3033 1678 3092 et
1701 3029 1791 3096 Neu·

376 3133 553 3197 decherum
573 3135 743 3209 erravisse,
768 3132 823 3213 qui
849 3134 987 3213 scriptae
1014 3133 1172 3214 epistolae
1197 3134 1334 3213 tempus,
1359 3132 1548 3213 priusquam
1573 3132 1693 3216 Apollo
1716 3151 1790 3197 cum

376 3236 479 3300 Paulo
505 3237 620 3301 notitia
647 3241 679 3301 et
704 3235 846 3300 amicitia
866 3236 998 3317 junctus
1020 3241 1115 3313 esset,
1140 3239 1308 3317 ponerent.
1358 3233 1451 3299 Nunc
1470 3235 1714 3316 disquirendum
1732 3242 1790 3314 est,

377 3356 418 3402 au
445 3356 558 3403 verum
584 3339 645 3415 sit,
672 3337 761 3419 quod
786 3337 952 3402 Eichhoru
979 3341 1011 3401 et
1032 3337 1073 3402 de
1095 3338 1204 3402 Wette
1227 3336 1462 3412 contenderint,
1485 3338 1610 3401 nullum
1628 3338 1669 3402 ‘iu
1694 3337 1800 3413 Pauli,

375 3441 443 3505 vita
468 3441 625 3523 epistolae
652 3458 722 3505 esse
745 3441 865 3505 locum.
925 3438 1051 3520 Quibus
1085 3440 1162 3504 viris
1186 3456 1321 3521 prorsus
1349 3440 1478 3521 quidem
1504 3440 1666 3504 assentior
1690 3457 1730 3505 ea
1754 3442 1789 3504 iu

275 3572 280 3581 ·
377 3560 432 3619 re,
453 3545 637 3626 apostolum
661 3545 694 3606 in
717 3542 902 3618 itineribus,
930 3560 1014 3624 quae
1036 3541 1139 3608 Lucas
1167 3548 1424 3618 commemorat,
1450 3542 1621 3623 epistolam
1646 3538 1789 3607 scribere

362 3659 443 3709 ·uon
470 3648 631 3728 potuisse,
660 3663 736 3710 uam
764 3662 863 3726 quum
885 3642 1043 3711 Corintho
1068 3644 1235 3726 Ephesum
1260 3650 1292 3710 et
1313 3645 1541 3725 Hierosolyma
1564 3645 1789 3728 proficiscere·

376 3754 445 3824 tur,
480 3749 586 3814 Titum
620 3766 731 3812 secum
761 3747 853 3812 duxit
887 3765 948 3811 uec
981 3749 1014 3811 in
1042 3744 1138 3812 Creta
1160 3748 1347 3829 relinquere
1371 3748 1477 3829 potuit
1504 3742 1586 3834 (Gal.
1615 3748 1653 3827 ll,
1684 3742 1727 3834 l),
1754 3752 1786 3813 et

371 3849 464 3930 quod
490 3851 603 3917 Schott
629 3852 722 3931 dicit,
742 3851 879 3916 Paulum
907 3853 1097 3933 tempestate
1122 3851 1156 3913 iu
1177 3848 1306 3917 Cretam
1333 3850 1476 3914 delatum
1502 3851 1686 3933 perrexisse
1710 3849 1788 3916 llic-

376 3955 559 4034 rosolyma,
587 3954 693 4019 Titum
718 3971 797 4018 reru
824 3954 890 4017 alia
915 3954 969 4018 via
994 3953 1028 4015 iu
1050 3951 1180 4017 Cretam
1208 3952 1351 4028 venisse,
1387 3958 1499 4034 aperte
1525 3954 1604 4034 ipsis
1630 3952 1788 4034 epistolae

353 4052 483 4145 sverbis
517 4056 724 4133 contradicit,
757 4055 936 4120 secuudum
964 4072 1048 4136 quae
1069 4055 1189 4120 Paulus
1216 4053 1313 4121 Creta
1339 4055 1503 4137 protectus
1528 4055 1634 4120 Titum
1659 4056 1705 4149 ibi
1731 4073 1786 4121 re·

375 4158 469 4239 liquit
492 4154 562 4245 (Tit.
587 4158 618 4237 l,
643 4151 666 4225 5
693 4145 909 4230 κατέλιπόν
933 4154 984 4245 σε)
1011 4162 1044 4221 et
1069 4158 1131 4223 hac
1155 4157 1196 4223 de
1222 4174 1322 4223 causa
1347 4157 1464 4248 laisum
1492 4162 1550 4222 cst.
1613 4157 1726 4240 Neque
1753 4160 1787 4225 iu

375 4278 416 4324 eo
440 4260 565 4339 itinere,
584 4279 650 4342 quo
672 4261 791 4325 Paulus
817 4260 948 4342 Epheso
973 4262 1005 4324 in
1027 4260 1255 4326 Macedoniam
1281 4260 1444 4343 proiectus
1471 4267 1537 4337 est,
1560 4260 1656 4324 scribi
1682 4263 1788 4344 potuit

373 4362 531 4444 epistola,
569 4381 670 4443 quum
703 4366 771 4428 tum
804 4363 959 4444 temporis
993 4362 1082 4427 Titus
1112 4363 1161 4428 bis
1199 4361 1392 4430 Corinthum
1420 4363 1537 4427 missus
1559 4363 1669 4445 ibique
1693 4363 1786 4428 Pauli

375 4464 535 4530 mandatis
562 4464 690 4530 iunctus
716 4472 801 4532 esset
824 4462 872 4553 (11.
891 4465 965 4531 Cor.
989 4465 1069 4544 Vlll,
1097 4459 1162 4541 163
1194 4465 1264 4544 llll,
1294 4456 1361 4552 18),
1385 4466 1510 4530 nullum
1538 4465 1636 4547 igitur
1656 4471 1786 4548 tempus

374 4568 535 4649 reliquum
571 4572 673 4644 esset,
707 4586 773 4648 quo
806 4586 880 4633 curu
914 4568 1017 4633 Paulo
1045 4568 1079 4632 in
1106 4566 1234 4634 Cretam
1260 4568 1423 4650 proticisci
1449 4568 1560 4650 ibique
1585 4570 1784 4634 commorari

368 4677 494 4752 posset.
562 4671 598 4734 lu
628 4670 743 4734 ultimo
772 4671 905 4750 itinere,
935 4670 1022 4752 quod
1053 4671 1210 4754 Philippis
1243 4670 1470 4753 Hierosolyma
1501 4674 1670 4754 apostolus
1699 4671 1785 4750 tecit,

1483 4796 1503 4859 3
