<?xml version="1.0" encoding="UTF-8"?>
<!DOCTYPE html PUBLIC "-//W3C//DTD XHTML 1.0 Transitional//EN"
    "http://www.w3.org/TR/xhtml1/DTD/xhtml1-transitional.dtd">
<html xmlns="http://www.w3.org/1999/xhtml" xml:lang="en" lang="en">
 <head>
  <title>
</title>
<meta http-equiv="Content-Type" content="text/html;charset=utf-8" />
  <meta name='ocr-system' content='tesseract 3.04.00' />
  <meta name='ocr-capabilities' content='ocr_page ocr_carea ocr_par ocr_line ocrx_word'/>
</head>
<body>
  <div class='ocr_page' id='page_1' title='image "./dissertatiodear00rudogoog_0038.png"; bbox 0 0 4350 5586; ppageno 0'>
   <div class='ocr_carea' id='block_1_1' title="bbox 1050 524 1090 587">
    <p class='ocr_par' dir='ltr' id='par_1_1' title="bbox 1050 524 1090 587">
     <span class='ocr_line' id='line_1_1' title="bbox 1050 524 1090 587; baseline 0 0"><span class='ocrx_word' id='word_1_1' title='bbox 1050 524 1090 587; x_wconf 80' lang='lat'><strong>2⁷</strong></span> 
     </span>
    </p>
   </div>
   <div class='ocr_carea' id='block_1_2' title="bbox 273 700 1824 2221">
    <p class='ocr_par' dir='ltr' id='par_1_2' title="bbox 273 700 1824 1401">
     <span class='ocr_line' id='line_1_2' title="bbox 368 700 1781 788; baseline 0.006 -20"><span class='ocrx_word' id='word_1_2' title='bbox 368 705 457 769; x_wconf 89' lang='lat' dir='ltr'><strong>ribus</strong></span> <span class='ocrx_word' id='word_1_3' title='bbox 492 700 733 784; x_wconf 88' lang='lat' dir='ltr'><strong>magistratibus</strong></span> <span class='ocrx_word' id='word_1_4' title='bbox 747 716 752 731; x_wconf 67' lang='lat'><strong>¹</strong></span> <span class='ocrx_word' id='word_1_5' title='bbox 766 700 994 767; x_wconf 88' lang='lat' dir='ltr'><strong>ecclesiasticis</strong></span> <span class='ocrx_word' id='word_1_6' title='bbox 1023 701 1092 784; x_wconf 89' lang='lat' dir='ltr'><strong>jam</strong></span> <span class='ocrx_word' id='word_1_7' title='bbox 1126 702 1289 783; x_wconf 89' lang='lat' dir='ltr'><strong>egentium</strong></span> <span class='ocrx_word' id='word_1_8' title='bbox 1320 706 1568 772; x_wconf 68' lang='lat' dir='ltr'><strong>conformasset</strong></span> <span class='ocrx_word' id='word_1_9' title='bbox 1633 707 1706 788; x_wconf 87' lang='lat' dir='ltr'><strong>Qua</strong></span> <span class='ocrx_word' id='word_1_10' title='bbox 1739 712 1781 777; x_wconf 89' lang='lat' dir='ltr'><strong>dc</strong></span> 
     </span>
     <span class='ocr_line' id='line_1_3' title="bbox 368 804 1779 893; baseline 0.004 -21"><span class='ocrx_word' id='word_1_11' title='bbox 368 825 469 873; x_wconf 86' lang='lat' dir='ltr'><strong>causa</strong></span> <span class='ocrx_word' id='word_1_12' title='bbox 493 805 758 872; x_wconf 82' lang='lat' dir='ltr'><strong>constitutionem</strong></span> <span class='ocrx_word' id='word_1_13' title='bbox 784 804 943 869; x_wconf 89' lang='lat' dir='ltr'><strong>ecclesiae</strong></span> <span class='ocrx_word' id='word_1_14' title='bbox 966 805 1139 869; x_wconf 86' lang='lat' dir='ltr'><strong>innostra</strong></span> <span class='ocrx_word' id='word_1_15' title='bbox 1160 805 1298 887; x_wconf 89' lang='lat' dir='ltr'><strong>epistola</strong></span> <span class='ocrx_word' id='word_1_16' title='bbox 1322 808 1551 889; x_wconf 77' lang='lat' dir='ltr'><strong>perfectiorem</strong></span> <span class='ocrx_word' id='word_1_17' title='bbox 1571 809 1642 891; x_wconf 78' lang='lat' dir='ltr'><strong>iam</strong></span> <span class='ocrx_word' id='word_1_18' title='bbox 1666 813 1779 893; x_wconf 85' lang='lat' dir='ltr'><strong>videri,</strong></span> 
     </span>
     <span class='ocr_line' id='line_1_4' title="bbox 273 885 1779 999; baseline 0.005 -27"><span class='ocrx_word' id='word_1_19' title='bbox 273 885 282 908; x_wconf 73' lang='grc'><em>’</em></span> <span class='ocrx_word' id='word_1_20' title='bbox 366 926 467 991; x_wconf 86' lang='lat' dir='ltr'><strong>quum</strong></span> <span class='ocrx_word' id='word_1_21' title='bbox 499 925 567 973; x_wconf 94' lang='lat' dir='ltr'><strong>non</strong></span> <span class='ocrx_word' id='word_1_22' title='bbox 598 908 706 971; x_wconf 92' lang='lat' dir='ltr'><strong>solum</strong></span> <span class='ocrx_word' id='word_1_23' title='bbox 738 908 1024 989; x_wconf 84' lang='lat' dir='ltr'><strong>presbyterorum,</strong></span> <span class='ocrx_word' id='word_1_24' title='bbox 1057 913 1093 970; x_wconf 92' lang='lat' dir='ltr'><strong>ut</strong></span> <span class='ocrx_word' id='word_1_25' title='bbox 1124 909 1158 971; x_wconf 90' lang='lat' dir='ltr'><strong>in</strong></span> <span class='ocrx_word' id='word_1_26' title='bbox 1185 925 1237 989; x_wconf 91' lang='lat' dir='ltr'><strong>ep.</strong></span> <span class='ocrx_word' id='word_1_27' title='bbox 1260 907 1301 972; x_wconf 93' lang='lat' dir='ltr'><strong>ad</strong></span> <span class='ocrx_word' id='word_1_28' title='bbox 1327 910 1388 974; x_wconf 90' lang='lat' dir='ltr'><strong>Tit</strong></span> <span class='ocrx_word' id='word_1_29' title='bbox 1414 912 1472 976; x_wconf 90' lang='lat' dir='ltr'><strong>sed</strong></span> <span class='ocrx_word' id='word_1_30' title='bbox 1499 914 1596 977; x_wconf 87' lang='lat' dir='ltr'><strong>etium</strong></span> <span class='ocrx_word' id='word_1_31' title='bbox 1623 915 1779 999; x_wconf 82' lang='lat' dir='ltr'><strong>episcopi,</strong></span> 
     </span>
     <span class='ocr_line' id='line_1_5' title="bbox 367 1009 1778 1102; baseline 0.006 -28"><span class='ocrx_word' id='word_1_32' title='bbox 367 1013 631 1095; x_wconf 85' lang='lat' dir='ltr'><strong>presbyterorum</strong></span> <span class='ocrx_word' id='word_1_33' title='bbox 654 1009 821 1092; x_wconf 87' lang='lat' dir='ltr'><strong>principis,</strong></span> <span class='ocrx_word' id='word_1_34' title='bbox 852 1010 1067 1074; x_wconf 90' lang='lat' dir='ltr'><strong>diaconorum</strong></span> <span class='ocrx_word' id='word_1_35' title='bbox 1094 1014 1126 1073; x_wconf 88' lang='lat' dir='ltr'><strong>ct</strong></span> <span class='ocrx_word' id='word_1_36' title='bbox 1152 1010 1428 1091; x_wconf 76' lang='lat' dir='ltr'><strong>diaconissarum,</strong></span> <span class='ocrx_word' id='word_1_37' title='bbox 1459 1014 1631 1080; x_wconf 88' lang='lat' dir='ltr'><strong>viduarum</strong></span> <span class='ocrx_word' id='word_1_38' title='bbox 1652 1035 1778 1102; x_wconf 85' lang='lat' dir='ltr'><strong>paupe·</strong></span> 
     </span>
     <span class='ocr_line' id='line_1_6' title="bbox 365 1111 1779 1204; baseline 0.006 -26"><span class='ocrx_word' id='word_1_39' title='bbox 365 1132 439 1179; x_wconf 91' lang='lat' dir='ltr'><strong>rum</strong></span> <span class='ocrx_word' id='word_1_40' title='bbox 471 1111 709 1187; x_wconf 91' lang='lat' dir='ltr'><strong>curandarum,</strong></span> <span class='ocrx_word' id='word_1_41' title='bbox 747 1118 845 1194; x_wconf 87' lang='lat' dir='ltr'><strong>atque</strong></span> <span class='ocrx_word' id='word_1_42' title='bbox 877 1112 1142 1204; x_wconf 80' lang='lat' dir='ltr'><strong>presbyterorum</strong></span> <span class='ocrx_word' id='word_1_43' title='bbox 1175 1113 1316 1194; x_wconf 89' lang='lat' dir='ltr'><strong>pecunia</strong></span> <span class='ocrx_word' id='word_1_44' title='bbox 1353 1114 1583 1182; x_wconf 80' lang='lat' dir='ltr'><strong>donandorum</strong></span> <span class='ocrx_word' id='word_1_45' title='bbox 1620 1119 1705 1185; x_wconf 88' lang='lat' dir='ltr'><strong>facta</strong></span> <span class='ocrx_word' id='word_1_46' title='bbox 1736 1123 1779 1186; x_wconf 87' lang='lat' dir='ltr'><strong>sit</strong></span> 
     </span>
     <span class='ocr_line' id='line_1_7' title="bbox 365 1214 1778 1297; baseline 0.006 -17"><span class='ocrx_word' id='word_1_47' title='bbox 365 1218 498 1283; x_wconf 89' lang='lat' dir='ltr'><strong>mentio.</strong></span> <span class='ocrx_word' id='word_1_48' title='bbox 549 1214 729 1297; x_wconf 87' lang='lat' dir='ltr'><strong>Epistulam</strong></span> <span class='ocrx_word' id='word_1_49' title='bbox 756 1216 970 1296; x_wconf 89' lang='lat' dir='ltr'><strong>negligentius</strong></span> <span class='ocrx_word' id='word_1_50' title='bbox 995 1214 1128 1296; x_wconf 87' lang='lat' dir='ltr'><strong>quidem</strong></span> <span class='ocrx_word' id='word_1_51' title='bbox 1152 1216 1371 1297; x_wconf 80' lang='lat' dir='ltr'><strong>conscriptam</strong></span> <span class='ocrx_word' id='word_1_52' title='bbox 1397 1235 1480 1297; x_wconf 87' lang='lat' dir='ltr'><strong>esse,</strong></span> <span class='ocrx_word' id='word_1_53' title='bbox 1505 1221 1563 1285; x_wconf 92' lang='lat' dir='ltr'><strong>sed</strong></span> <span class='ocrx_word' id='word_1_54' title='bbox 1589 1221 1668 1287; x_wconf 92' lang='lat' dir='ltr'><strong>nihil</strong></span> <span class='ocrx_word' id='word_1_55' title='bbox 1696 1242 1778 1289; x_wconf 91' lang='lat' dir='ltr'><strong>con·</strong></span> 
     </span>
     <span class='ocr_line' id='line_1_8' title="bbox 364 1316 1824 1401; baseline -0.002 -18"><span class='ocrx_word' id='word_1_56' title='bbox 364 1322 468 1385; x_wconf 88' lang='lat' dir='ltr'><strong>tinere</strong></span> <span class='ocrx_word' id='word_1_57' title='bbox 494 1317 583 1401; x_wconf 89' lang='lat' dir='ltr'><strong>quod</strong></span> <span class='ocrx_word' id='word_1_58' title='bbox 606 1336 627 1383; x_wconf 92' lang='lat' dir='ltr'><strong>a</strong></span> <span class='ocrx_word' id='word_1_59' title='bbox 650 1316 744 1381; x_wconf 86' lang='lat' dir='ltr'><strong>Pauli</strong></span> <span class='ocrx_word' id='word_1_60' title='bbox 770 1318 867 1399; x_wconf 88' lang='lat' dir='ltr'><strong>genio</strong></span> <span class='ocrx_word' id='word_1_61' title='bbox 894 1322 926 1381; x_wconf 91' lang='lat' dir='ltr'><strong>et</strong></span> <span class='ocrx_word' id='word_1_62' title='bbox 951 1316 1099 1382; x_wconf 90' lang='lat' dir='ltr'><strong>doctrina</strong></span> <span class='ocrx_word' id='word_1_63' title='bbox 1124 1318 1310 1383; x_wconf 87' lang='lat' dir='ltr'><strong>abhorreat.</strong></span> <span class='ocrx_word' id='word_1_64' title='bbox 1819 1369 1824 1380; x_wconf 80' lang='grc'><strong>.,</strong></span> 
     </span>
    </p>

    <p class='ocr_par' dir='ltr' id='par_1_3' title="bbox 361 1413 1816 2221">
     <span class='ocr_line' id='line_1_9' title="bbox 478 1413 1816 1503; baseline 0.002 -16"><span class='ocrx_word' id='word_1_65' title='bbox 478 1413 512 1487; x_wconf 86' lang='grc'><strong>3.</strong></span> <span class='ocrx_word' id='word_1_66' title='bbox 564 1419 613 1484; x_wconf 89' lang='lat' dir='ltr'><strong>De</strong></span> <span class='ocrx_word' id='word_1_67' title='bbox 635 1418 744 1483; x_wconf 90' lang='lat' dir='ltr'><strong>Wette</strong></span> <span class='ocrx_word' id='word_1_68' title='bbox 769 1422 803 1484; x_wconf 93' lang='lat' dir='ltr'><strong>in</strong></span> <span class='ocrx_word' id='word_1_69' title='bbox 830 1417 1016 1485; x_wconf 86' lang='lat' dir='ltr'><strong>enarrando</strong></span> <span class='ocrx_word' id='word_1_70' title='bbox 1040 1421 1198 1502; x_wconf 86' lang='lat' dir='ltr'><strong>epistolae</strong></span> <span class='ocrx_word' id='word_1_71' title='bbox 1221 1424 1414 1503; x_wconf 88' lang='lat' dir='ltr'><strong>argumento</strong></span> <span class='ocrx_word' id='word_1_72' title='bbox 1442 1417 1777 1492; x_wconf 85' lang='lat' dir='ltr'><strong>Schleiermaoherum</strong></span> <span class='ocrx_word' id='word_1_73' title='bbox 1813 1472 1816 1478; x_wconf 80' lang='lat'><em>·</em></span> 
     </span>
     <span class='ocr_line' id='line_1_10' title="bbox 364 1521 1777 1610; baseline 0.005 -23"><span class='ocrx_word' id='word_1_74' title='bbox 364 1529 505 1602; x_wconf 87' lang='lat' dir='ltr'><strong>secutus,</strong></span> <span class='ocrx_word' id='word_1_75' title='bbox 531 1540 594 1586; x_wconf 90' lang='lat' dir='ltr'><strong>nec</strong></span> <span class='ocrx_word' id='word_1_76' title='bbox 619 1521 758 1587; x_wconf 89' lang='lat' dir='ltr'><strong>oonsilio</strong></span> <span class='ocrx_word' id='word_1_77' title='bbox 783 1539 851 1603; x_wconf 87' lang='lat' dir='ltr'><strong>quo</strong></span> <span class='ocrx_word' id='word_1_78' title='bbox 877 1523 998 1604; x_wconf 90' lang='lat' dir='ltr'><strong>scripta</strong></span> <span class='ocrx_word' id='word_1_79' title='bbox 1021 1539 1093 1587; x_wconf 89' lang='lat' dir='ltr'><strong>esse</strong></span> <span class='ocrx_word' id='word_1_80' title='bbox 1114 1522 1239 1588; x_wconf 87' lang='lat' dir='ltr'><strong>dicatur</strong></span> <span class='ocrx_word' id='word_1_81' title='bbox 1255 1522 1455 1605; x_wconf 90' lang='lat' dir='ltr'><strong>respondere</strong></span> <span class='ocrx_word' id='word_1_82' title='bbox 1476 1524 1576 1604; x_wconf 93' lang='lat' dir='ltr'><strong>illam,</strong></span> <span class='ocrx_word' id='word_1_83' title='bbox 1601 1545 1662 1591; x_wconf 92' lang='lat' dir='ltr'><strong>nec</strong></span> <span class='ocrx_word' id='word_1_84' title='bbox 1680 1546 1777 1610; x_wconf 86' lang='lat' dir='ltr'><strong>prae-</strong></span> 
     </span>
     <span class='ocr_line' id='line_1_11' title="bbox 365 1619 1778 1713; baseline 0.005 -24"><span class='ocrx_word' id='word_1_85' title='bbox 365 1626 444 1691; x_wconf 90' lang='lat' dir='ltr'><strong>here</strong></span> <span class='ocrx_word' id='word_1_86' title='bbox 480 1627 603 1690; x_wconf 91' lang='lat' dir='ltr'><strong>claram</strong></span> <span class='ocrx_word' id='word_1_87' title='bbox 627 1629 660 1688; x_wconf 89' lang='lat' dir='ltr'><strong>et</strong></span> <span class='ocrx_word' id='word_1_88' title='bbox 694 1624 878 1710; x_wconf 81' lang='lat' dir='ltr'><strong>distinctam</strong></span> <span class='ocrx_word' id='word_1_89' title='bbox 910 1619 1087 1706; x_wconf 79' lang='lat' dir='ltr'><strong>imaginem</strong></span> <span class='ocrx_word' id='word_1_90' title='bbox 1113 1626 1250 1690; x_wconf 89' lang='lat' dir='ltr'><strong>istorum</strong></span> <span class='ocrx_word' id='word_1_91' title='bbox 1275 1624 1447 1689; x_wconf 91' lang='lat' dir='ltr'><strong>hominum</strong></span> <span class='ocrx_word' id='word_1_92' title='bbox 1471 1636 1587 1692; x_wconf 90' lang='lat' dir='ltr'><strong>contra</strong></span> <span class='ocrx_word' id='word_1_93' title='bbox 1610 1647 1693 1711; x_wconf 85' lang='lat' dir='ltr'><strong>quos</strong></span> <span class='ocrx_word' id='word_1_94' title='bbox 1714 1649 1778 1713; x_wconf 89' lang='lat' dir='ltr'><strong>pu·</strong></span> 
     </span>
     <span class='ocr_line' id='line_1_12' title="bbox 365 1725 1777 1811; baseline 0.002 -17"><span class='ocrx_word' id='word_1_95' title='bbox 365 1735 463 1811; x_wconf 89' lang='lat' dir='ltr'><strong>gnet,</strong></span> <span class='ocrx_word' id='word_1_96' title='bbox 492 1726 669 1794; x_wconf 78' lang='lat' dir='ltr'><strong>contendit</strong></span> <span class='ocrx_word' id='word_1_97' title='bbox 718 1725 826 1791; x_wconf 86' lang='lat' dir='ltr'><strong>Etiam</strong></span> <span class='ocrx_word' id='word_1_98' title='bbox 852 1728 924 1792; x_wconf 92' lang='lat' dir='ltr'><strong>aliis</strong></span> <span class='ocrx_word' id='word_1_99' title='bbox 949 1729 1149 1807; x_wconf 75' lang='lat' dir='ltr'><strong>argumentis</strong></span> <span class='ocrx_word' id='word_1_100' title='bbox 1174 1727 1466 1794; x_wconf 86' lang='lat' dir='ltr'><strong>Schleiermaoheri</strong></span> <span class='ocrx_word' id='word_1_101' title='bbox 1492 1731 1683 1809; x_wconf 86' lang='lat' dir='ltr'><strong>assentitur,</strong></span> <span class='ocrx_word' id='word_1_102' title='bbox 1718 1732 1777 1797; x_wconf 86' lang='lat' dir='ltr'><strong>sed</strong></span> 
     </span>
     <span class='ocr_line' id='line_1_13' title="bbox 363 1829 1777 1914; baseline 0.003 -18"><span class='ocrx_word' id='word_1_103' title='bbox 363 1832 464 1911; x_wconf 86' lang='lat' dir='ltr'><strong>addit,</strong></span> <span class='ocrx_word' id='word_1_104' title='bbox 488 1833 607 1914; x_wconf 90' lang='lat' dir='ltr'><strong>partim</strong></span> <span class='ocrx_word' id='word_1_105' title='bbox 632 1829 895 1908; x_wconf 86' lang='lat' dir='ltr'><strong>cohortationes,</strong></span> <span class='ocrx_word' id='word_1_106' title='bbox 922 1830 1039 1912; x_wconf 85' lang='lat' dir='ltr'><strong>quihus</strong></span> <span class='ocrx_word' id='word_1_107' title='bbox 1064 1830 1184 1895; x_wconf 85' lang='lat' dir='ltr'><strong>Paulus</strong></span> <span class='ocrx_word' id='word_1_108' title='bbox 1206 1831 1412 1896; x_wconf 86' lang='lat' dir='ltr'><strong>Timotheum</strong></span> <span class='ocrx_word' id='word_1_109' title='bbox 1439 1833 1632 1914; x_wconf 90' lang='lat' dir='ltr'><strong>compellat,</strong></span> <span class='ocrx_word' id='word_1_110' title='bbox 1664 1835 1777 1900; x_wconf 94' lang='lat' dir='ltr'><strong>Timo-</strong></span> 
     </span>
     <span class='ocr_line' id='line_1_14' title="bbox 363 1932 1777 2016; baseline 0.004 -18"><span class='ocrx_word' id='word_1_111' title='bbox 363 1936 441 2000; x_wconf 88' lang='lat' dir='ltr'><strong>theo</strong></span> <span class='ocrx_word' id='word_1_112' title='bbox 467 1951 539 1999; x_wconf 89' lang='lat' dir='ltr'><strong>esse</strong></span> <span class='ocrx_word' id='word_1_113' title='bbox 567 1932 735 2013; x_wconf 88' lang='lat' dir='ltr'><strong>indignas,</strong></span> <span class='ocrx_word' id='word_1_114' title='bbox 758 1938 794 1998; x_wconf 93' lang='lat' dir='ltr'><strong>ut</strong></span> <span class='ocrx_word' id='word_1_115' title='bbox 818 1934 860 1997; x_wconf 92' lang='lat' dir='ltr'><strong>ab</strong></span> <span class='ocrx_word' id='word_1_116' title='bbox 887 1949 973 2015; x_wconf 87' lang='lat' dir='ltr'><strong>aqua</strong></span> <span class='ocrx_word' id='word_1_117' title='bbox 1000 1932 1177 2012; x_wconf 86' lang='lat' dir='ltr'><strong>abstineat,</strong></span> <span class='ocrx_word' id='word_1_118' title='bbox 1204 1935 1381 2016; x_wconf 85' lang='lat' dir='ltr'><strong>vinumque</strong></span> <span class='ocrx_word' id='word_1_119' title='bbox 1406 1933 1507 2012; x_wconf 86' lang='lat' dir='ltr'><strong>hibat,</strong></span> <span class='ocrx_word' id='word_1_120' title='bbox 1541 1939 1578 1999; x_wconf 90' lang='lat' dir='ltr'><strong>nt</strong></span> <span class='ocrx_word' id='word_1_121' title='bbox 1603 1953 1622 1999; x_wconf 89' lang='lat' dir='ltr'><strong>a</strong></span> <span class='ocrx_word' id='word_1_122' title='bbox 1646 1938 1777 2003; x_wconf 89' lang='lat' dir='ltr'><strong>nemine</strong></span> 
     </span>
     <span class='ocr_line' id='line_1_15' title="bbox 363 2028 1810 2122; baseline 0.001 -20"><span class='ocrx_word' id='word_1_123' title='bbox 363 2041 592 2103; x_wconf 85' lang='lat' dir='ltr'><strong>contemnatur</strong></span> <span class='ocrx_word' id='word_1_124' title='bbox 625 2039 760 2117; x_wconf 91' lang='lat' dir='ltr'><strong>propter</strong></span> <span class='ocrx_word' id='word_1_125' title='bbox 795 2035 1068 2115; x_wconf 87' lang='lat' dir='ltr'><strong>adolescentium,</strong></span> <span class='ocrx_word' id='word_1_126' title='bbox 1104 2036 1223 2119; x_wconf 91' lang='lat' dir='ltr'><strong>partim</strong></span> <span class='ocrx_word' id='word_1_127' title='bbox 1257 2028 1777 2114; x_wconf 82' lang='lat' dir='ltr'><strong>citaril.Tim.‘V,18100um</strong></span> <span class='ocrx_word' id='word_1_128' title='bbox 1807 2113 1810 2122; x_wconf 49' lang='grc'>,</span> 
     </span>
     <span class='ocr_line' id='line_1_16' title="bbox 361 2133 1776 2221; baseline 0.002 -16"><span class='ocrx_word' id='word_1_129' title='bbox 361 2140 504 2218; x_wconf 78' lang='lat' dir='ltr'><strong>Lucil,</strong></span> <span class='ocrx_word' id='word_1_130' title='bbox 531 2133 565 2216; x_wconf 89' lang='lat'><strong>7,</strong></span> <span class='ocrx_word' id='word_1_131' title='bbox 591 2145 627 2203; x_wconf 93' lang='lat' dir='ltr'><strong>ut</strong></span> <span class='ocrx_word' id='word_1_132' title='bbox 653 2138 842 2220; x_wconf 85' lang='lat' dir='ltr'><strong>exscripto</strong></span> <span class='ocrx_word' id='word_1_133' title='bbox 875 2139 1047 2219; x_wconf 85' lang='lat' dir='ltr'><strong>cvangelio</strong></span> <span class='ocrx_word' id='word_1_134' title='bbox 1082 2140 1234 2215; x_wconf 88' lang='lat' dir='ltr'><strong>allatum,</strong></span> <span class='ocrx_word' id='word_1_135' title='bbox 1271 2139 1359 2221; x_wconf 88' lang='lat' dir='ltr'><strong>quod</strong></span> <span class='ocrx_word' id='word_1_136' title='bbox 1393 2138 1485 2204; x_wconf 84' lang='lat' dir='ltr'><strong>Pauli</strong></span> <span class='ocrx_word' id='word_1_137' title='bbox 1518 2145 1666 2221; x_wconf 88' lang='lat' dir='ltr'><strong>tempore</strong></span> <span class='ocrx_word' id='word_1_138' title='bbox 1704 2143 1776 2208; x_wconf 88' lang='lat' dir='ltr'><strong>fieri</strong></span> 
     </span>
    </p>
   </div>
   <div class='ocr_carea' id='block_1_3' title="bbox 274 2239 1914 2326">
    <p class='ocr_par' dir='ltr' id='par_1_4' title="bbox 274 2239 1914 2326">
     <span class='ocr_line' id='line_1_17' title="bbox 274 2239 1914 2326; baseline 0.002 -20"><span class='ocrx_word' id='word_1_139' title='bbox 274 2257 278 2266; x_wconf 87' lang='grc'><strong>’</strong></span> <span class='ocrx_word' id='word_1_140' title='bbox 361 2241 554 2326; x_wconf 87' lang='lat' dir='ltr'><strong>nequiverit</strong></span> <span class='ocrx_word' id='word_1_141' title='bbox 615 2239 766 2306; x_wconf 88' lang='lat' dir='ltr'><strong>Ceterum</strong></span> <span class='ocrx_word' id='word_1_142' title='bbox 802 2247 834 2306; x_wconf 89' lang='lat' dir='ltr'><strong>et</strong></span> <span class='ocrx_word' id='word_1_143' title='bbox 864 2240 917 2305; x_wconf 91' lang='lat' dir='ltr'><strong>hic</strong></span> <span class='ocrx_word' id='word_1_144' title='bbox 947 2242 1031 2306; x_wconf 88' lang='lat' dir='ltr'><strong>sicut</strong></span> <span class='ocrx_word' id='word_1_145' title='bbox 1053 2239 1333 2308; x_wconf 87' lang='lat' dir='ltr'><strong>Schleiermacher</strong></span> <span class='ocrx_word' id='word_1_146' title='bbox 1355 2241 1528 2307; x_wconf 87' lang='lat' dir='ltr'><strong>ostendere</strong></span> <span class='ocrx_word' id='word_1_147' title='bbox 1553 2244 1679 2306; x_wconf 88' lang='lat' dir='ltr'><strong>lantum</strong></span> <span class='ocrx_word' id='word_1_148' title='bbox 1705 2252 1775 2309; x_wconf 88' lang='lat' dir='ltr'><strong>stu·</strong></span> <span class='ocrx_word' id='word_1_149' title='bbox 1912 2313 1914 2316; x_wconf 69' lang='grc'>,</span> 
     </span>
    </p>
   </div>
   <div class='ocr_carea' id='block_1_4' title="bbox 361 2338 1830 2941">
    <p class='ocr_par' dir='ltr' id='par_1_5' title="bbox 361 2338 1775 2528">
     <span class='ocr_line' id='line_1_18' title="bbox 361 2338 1775 2428; baseline 0.002 -19"><span class='ocrx_word' id='word_1_150' title='bbox 361 2340 432 2424; x_wconf 83' lang='lat' dir='ltr'><strong>det,</strong></span> <span class='ocrx_word' id='word_1_151' title='bbox 452 2363 472 2410; x_wconf 93' lang='lat' dir='ltr'><strong>a</strong></span> <span class='ocrx_word' id='word_1_152' title='bbox 491 2338 594 2411; x_wconf 80' lang='lat' dir='ltr'><strong>Paulo</strong></span> <span class='ocrx_word' id='word_1_153' title='bbox 621 2361 688 2409; x_wconf 95' lang='lat' dir='ltr'><strong>non</strong></span> <span class='ocrx_word' id='word_1_154' title='bbox 711 2342 809 2407; x_wconf 88' lang='lat' dir='ltr'><strong>scribi</strong></span> <span class='ocrx_word' id='word_1_155' title='bbox 832 2345 977 2424; x_wconf 86' lang='lat' dir='ltr'><strong>potuisse</strong></span> <span class='ocrx_word' id='word_1_156' title='bbox 1001 2344 1184 2426; x_wconf 87' lang='lat' dir='ltr'><strong>epistolam,</strong></span> <span class='ocrx_word' id='word_1_157' title='bbox 1210 2362 1323 2410; x_wconf 85' lang='lat' dir='ltr'><strong>verum</strong></span> <span class='ocrx_word' id='word_1_158' title='bbox 1350 2363 1371 2410; x_wconf 90' lang='lat' dir='ltr'><strong>a</strong></span> <span class='ocrx_word' id='word_1_159' title='bbox 1397 2362 1475 2426; x_wconf 88' lang='lat' dir='ltr'><strong>quo,</strong></span> <span class='ocrx_word' id='word_1_160' title='bbox 1498 2343 1630 2425; x_wconf 88' lang='lat' dir='ltr'><strong>quando</strong></span> <span class='ocrx_word' id='word_1_161' title='bbox 1655 2349 1775 2428; x_wconf 89' lang='lat' dir='ltr'><strong>etqua</strong></span> 
     </span>
     <span class='ocr_line' id='line_1_19' title="bbox 363 2445 1044 2528; baseline -0.001 -16"><span class='ocrx_word' id='word_1_162' title='bbox 363 2448 405 2512; x_wconf 88' lang='lat' dir='ltr'><strong>de</strong></span> <span class='ocrx_word' id='word_1_163' title='bbox 428 2465 530 2514; x_wconf 88' lang='lat' dir='ltr'><strong>causa</strong></span> <span class='ocrx_word' id='word_1_164' title='bbox 554 2446 738 2528; x_wconf 88' lang='lat' dir='ltr'><strong>composita</strong></span> <span class='ocrx_word' id='word_1_165' title='bbox 762 2445 804 2512; x_wconf 93' lang='lat' dir='ltr'><strong>sit</strong></span> <span class='ocrx_word' id='word_1_166' title='bbox 828 2463 896 2510; x_wconf 93' lang='lat' dir='ltr'><strong>non</strong></span> <span class='ocrx_word' id='word_1_167' title='bbox 923 2446 1044 2511; x_wconf 90' lang='lat' dir='ltr'><strong>delinit</strong></span> 
     </span>
    </p>

    <p class='ocr_par' dir='ltr' id='par_1_6' title="bbox 361 2542 1830 2941">
     <span class='ocr_line' id='line_1_20' title="bbox 475 2542 1830 2632; baseline -0.001 -18"><span class='ocrx_word' id='word_1_168' title='bbox 475 2542 508 2615; x_wconf 87' lang='grc'><strong>4.</strong></span> <span class='ocrx_word' id='word_1_169' title='bbox 561 2547 674 2615; x_wconf 89' lang='lat' dir='ltr'><strong>Schott</strong></span> <span class='ocrx_word' id='word_1_170' title='bbox 700 2548 781 2612; x_wconf 90' lang='lat' dir='ltr'><strong>nihil</strong></span> <span class='ocrx_word' id='word_1_171' title='bbox 806 2566 827 2612; x_wconf 91' lang='lat' dir='ltr'><strong>a</strong></span> <span class='ocrx_word' id='word_1_172' title='bbox 852 2549 945 2614; x_wconf 84' lang='lat' dir='ltr'><strong>Pauli</strong></span> <span class='ocrx_word' id='word_1_173' title='bbox 971 2550 1070 2630; x_wconf 90' lang='lat' dir='ltr'><strong>genio</strong></span> <span class='ocrx_word' id='word_1_174' title='bbox 1088 2551 1120 2613; x_wconf 89' lang='lat' dir='ltr'><strong>et</strong></span> <span class='ocrx_word' id='word_1_175' title='bbox 1138 2565 1222 2613; x_wconf 85' lang='lat' dir='ltr'><strong>aevo</strong></span> <span class='ocrx_word' id='word_1_176' title='bbox 1244 2549 1388 2615; x_wconf 86' lang='lat' dir='ltr'><strong>alienum</strong></span> <span class='ocrx_word' id='word_1_177' title='bbox 1409 2548 1555 2630; x_wconf 89' lang='lat' dir='ltr'><strong>epistolis</strong></span> <span class='ocrx_word' id='word_1_178' title='bbox 1575 2547 1681 2612; x_wconf 87' lang='lat' dir='ltr'><strong>inesse</strong></span> <span class='ocrx_word' id='word_1_179' title='bbox 1693 2564 1775 2613; x_wconf 93' lang='lat' dir='ltr'><strong>con·</strong></span> <span class='ocrx_word' id='word_1_180' title='bbox 1824 2613 1830 2632; x_wconf 74' lang='grc'><em>,</em></span> 
     </span>
     <span class='ocr_line' id='line_1_21' title="bbox 362 2651 1773 2735; baseline 0.001 -19"><span class='ocrx_word' id='word_1_181' title='bbox 362 2653 484 2730; x_wconf 86' lang='lat' dir='ltr'><strong>tandit,</strong></span> <span class='ocrx_word' id='word_1_182' title='bbox 517 2668 591 2717; x_wconf 85' lang='lat' dir='ltr'><strong>nam</strong></span> <span class='ocrx_word' id='word_1_183' title='bbox 627 2651 776 2733; x_wconf 82' lang='lat' dir='ltr'><strong>quamvis</strong></span> <span class='ocrx_word' id='word_1_184' title='bbox 807 2657 920 2716; x_wconf 89' lang='lat' dir='ltr'><strong>nostra</strong></span> <span class='ocrx_word' id='word_1_185' title='bbox 951 2652 1090 2734; x_wconf 90' lang='lat' dir='ltr'><strong>epistola</strong></span> <span class='ocrx_word' id='word_1_186' title='bbox 1115 2651 1285 2734; x_wconf 88' lang='lat' dir='ltr'><strong>abruptior</strong></span> <span class='ocrx_word' id='word_1_187' title='bbox 1314 2655 1489 2735; x_wconf 88' lang='lat' dir='ltr'><strong>appareat,</strong></span> <span class='ocrx_word' id='word_1_188' title='bbox 1519 2655 1629 2716; x_wconf 79' lang='lat' dir='ltr'><strong>tanmn</strong></span> <span class='ocrx_word' id='word_1_189' title='bbox 1652 2668 1773 2717; x_wconf 83' lang='lat' dir='ltr'><strong>nexum</strong></span> 
     </span>
     <span class='ocr_line' id='line_1_22' title="bbox 362 2753 1775 2837; baseline 0 -17"><span class='ocrx_word' id='word_1_190' title='bbox 362 2755 597 2820; x_wconf 89' lang='lat' dir='ltr'><strong>sententiarum</strong></span> <span class='ocrx_word' id='word_1_191' title='bbox 621 2754 717 2820; x_wconf 90' lang='lat' dir='ltr'><strong>facile</strong></span> <span class='ocrx_word' id='word_1_192' title='bbox 742 2753 864 2836; x_wconf 86' lang='lat' dir='ltr'><strong>ubique</strong></span> <span class='ocrx_word' id='word_1_193' title='bbox 887 2754 1048 2832; x_wconf 87' lang='lat' dir='ltr'><strong>inveniri,</strong></span> <span class='ocrx_word' id='word_1_194' title='bbox 1082 2754 1179 2818; x_wconf 90' lang='lat' dir='ltr'><strong>finem</strong></span> <span class='ocrx_word' id='word_1_195' title='bbox 1208 2755 1380 2837; x_wconf 90' lang='lat' dir='ltr'><strong>perspicue</strong></span> <span class='ocrx_word' id='word_1_196' title='bbox 1406 2755 1552 2831; x_wconf 88' lang='lat' dir='ltr'><strong>elucere,</strong></span> <span class='ocrx_word' id='word_1_197' title='bbox 1586 2753 1675 2834; x_wconf 86' lang='lat' dir='ltr'><strong>quod</strong></span> <span class='ocrx_word' id='word_1_198' title='bbox 1700 2772 1775 2820; x_wconf 90' lang='lat' dir='ltr'><strong>sae·</strong></span> 
     </span>
     <span class='ocr_line' id='line_1_23' title="bbox 361 2856 1774 2941; baseline 0 -19"><span class='ocrx_word' id='word_1_199' title='bbox 361 2860 435 2940; x_wconf 90' lang='lat' dir='ltr'><strong>pius</strong></span> <span class='ocrx_word' id='word_1_200' title='bbox 467 2858 626 2923; x_wconf 89' lang='lat' dir='ltr'><strong>falsorum</strong></span> <span class='ocrx_word' id='word_1_201' title='bbox 661 2857 834 2923; x_wconf 91' lang='lat' dir='ltr'><strong>doctorum</strong></span> <span class='ocrx_word' id='word_1_202' title='bbox 865 2857 1066 2922; x_wconf 90' lang='lat' dir='ltr'><strong>mentionem</strong></span> <span class='ocrx_word' id='word_1_203' title='bbox 1094 2856 1236 2940; x_wconf 81' lang='lat' dir='ltr'><strong>injiciat,</strong></span> <span class='ocrx_word' id='word_1_204' title='bbox 1270 2865 1368 2941; x_wconf 82' lang='lat' dir='ltr'><strong>atque</strong></span> <span class='ocrx_word' id='word_1_205' title='bbox 1393 2856 1455 2922; x_wconf 94' lang='lat' dir='ltr'><strong>hos</strong></span> <span class='ocrx_word' id='word_1_206' title='bbox 1481 2856 1560 2920; x_wconf 89' lang='lat' dir='ltr'><strong>satis</strong></span> <span class='ocrx_word' id='word_1_207' title='bbox 1587 2857 1675 2921; x_wconf 89' lang='lat' dir='ltr'><strong>clare</strong></span> <span class='ocrx_word' id='word_1_208' title='bbox 1702 2873 1774 2922; x_wconf 88' lang='lat' dir='ltr'><strong>esse</strong></span> 
     </span>
    </p>
   </div>
   <div class='ocr_carea' id='block_1_5' title="bbox 361 2957 1869 3043">
    <p class='ocr_par' dir='ltr' id='par_1_7' title="bbox 361 2957 1869 3043">
     <span class='ocr_line' id='line_1_24' title="bbox 361 2957 1869 3043; baseline 0 -18"><span class='ocrx_word' id='word_1_209' title='bbox 361 2961 580 3042; x_wconf 87' lang='lat' dir='ltr'><strong>significatos,</strong></span> <span class='ocrx_word' id='word_1_210' title='bbox 609 2964 644 3025; x_wconf 90' lang='lat' dir='ltr'><strong>ut</strong></span> <span class='ocrx_word' id='word_1_211' title='bbox 676 2959 866 3025; x_wconf 81' lang='lat' dir='ltr'><strong>Timotheus</strong></span> <span class='ocrx_word' id='word_1_212' title='bbox 900 2960 984 3025; x_wconf 87' lang='lat' dir='ltr'><strong>scire</strong></span> <span class='ocrx_word' id='word_1_213' title='bbox 1013 2964 1144 3042; x_wconf 91' lang='lat' dir='ltr'><strong>posset,</strong></span> <span class='ocrx_word' id='word_1_214' title='bbox 1176 2964 1292 3024; x_wconf 91' lang='lat' dir='ltr'><strong>contra</strong></span> <span class='ocrx_word' id='word_1_215' title='bbox 1328 2976 1411 3043; x_wconf 88' lang='lat' dir='ltr'><strong>quos</strong></span> <span class='ocrx_word' id='word_1_216' title='bbox 1444 2957 1656 3041; x_wconf 89' lang='lat' dir='ltr'><strong>pugnandum</strong></span> <span class='ocrx_word' id='word_1_217' title='bbox 1679 2965 1776 3038; x_wconf 86' lang='lat' dir='ltr'><strong>esset,</strong></span> <span class='ocrx_word' id='word_1_218' title='bbox 1866 3021 1869 3025; x_wconf 89' lang='grc'><em>,</em></span> 
     </span>
    </p>
   </div>
   <div class='ocr_carea' id='block_1_6' title="bbox 295 3061 1776 4791">
    <p class='ocr_par' dir='ltr' id='par_1_8' title="bbox 295 3061 1776 4791">
     <span class='ocr_line' id='line_1_25' title="bbox 361 3061 1776 3146; baseline 0 -18"><span class='ocrx_word' id='word_1_219' title='bbox 361 3064 465 3128; x_wconf 88' lang='lat' dir='ltr'><strong>mulla</strong></span> <span class='ocrx_word' id='word_1_220' title='bbox 499 3064 640 3146; x_wconf 91' lang='lat' dir='ltr'><strong>denique</strong></span> <span class='ocrx_word' id='word_1_221' title='bbox 674 3062 903 3127; x_wconf 80' lang='lat' dir='ltr'><strong>familiaritatis</strong></span> <span class='ocrx_word' id='word_1_222' title='bbox 933 3063 1027 3145; x_wconf 87' lang='lat' dir='ltr'><strong>signa</strong></span> <span class='ocrx_word' id='word_1_223' title='bbox 1059 3063 1144 3127; x_wconf 89' lang='lat' dir='ltr'><strong>inter</strong></span> <span class='ocrx_word' id='word_1_224' title='bbox 1177 3062 1314 3128; x_wconf 86' lang='lat' dir='ltr'><strong>Paulum</strong></span> <span class='ocrx_word' id='word_1_225' title='bbox 1341 3067 1373 3129; x_wconf 90' lang='lat' dir='ltr'><strong>et</strong></span> <span class='ocrx_word' id='word_1_226' title='bbox 1399 3061 1606 3126; x_wconf 88' lang='lat' dir='ltr'><strong>Timotheum</strong></span> <span class='ocrx_word' id='word_1_227' title='bbox 1628 3063 1776 3144; x_wconf 87' lang='lat' dir='ltr'><strong>reperiri.</strong></span> 
     </span>
     <span class='ocr_line' id='line_1_26' title="bbox 360 3155 1776 3254; baseline -0.001 -23"><span class='ocrx_word' id='word_1_228' title='bbox 360 3165 563 3231; x_wconf 85' lang='lat' dir='ltr'><strong>Sententiam</strong></span> <span class='ocrx_word' id='word_1_229' title='bbox 590 3165 630 3230; x_wconf 89' lang='lat' dir='ltr'><strong>de</strong></span> <span class='ocrx_word' id='word_1_230' title='bbox 655 3167 729 3247; x_wconf 91' lang='lat' dir='ltr'><strong>lege</strong></span> <span class='ocrx_word' id='word_1_231' title='bbox 754 3165 901 3230; x_wconf 85' lang='lat' dir='ltr'><strong>mosaica</strong></span> <span class='ocrx_word' id='word_1_232' title='bbox 927 3159 962 3252; x_wconf 89' lang='lat' dir='ltr'><strong>(l,</strong></span> <span class='ocrx_word' id='word_1_233' title='bbox 988 3156 1022 3254; x_wconf 86' lang='lat'><strong>8)</strong></span> <span class='ocrx_word' id='word_1_234' title='bbox 1047 3166 1232 3231; x_wconf 90' lang='lat' dir='ltr'><strong>consentire</strong></span> <span class='ocrx_word' id='word_1_235' title='bbox 1257 3183 1332 3231; x_wconf 89' lang='lat' dir='ltr'><strong>cum</strong></span> <span class='ocrx_word' id='word_1_236' title='bbox 1351 3165 1434 3231; x_wconf 91' lang='lat' dir='ltr'><strong>locis</strong></span> <span class='ocrx_word' id='word_1_237' title='bbox 1459 3164 1554 3229; x_wconf 82' lang='lat' dir='ltr'><strong>liom.</strong></span> <span class='ocrx_word' id='word_1_238' title='bbox 1579 3163 1645 3243; x_wconf 88' lang='lat' dir='ltr'><strong>vll,</strong></span> <span class='ocrx_word' id='word_1_239' title='bbox 1671 3155 1716 3229; x_wconf 91' lang='lat'><strong>12</strong></span> <span class='ocrx_word' id='word_1_240' title='bbox 1742 3169 1776 3230; x_wconf 89' lang='lat' dir='ltr'><strong>et</strong></span> 
     </span>
     <span class='ocr_line' id='line_1_27' title="bbox 363 3259 1774 3352; baseline -0.001 -18"><span class='ocrx_word' id='word_1_241' title='bbox 363 3266 436 3334; x_wconf 86' lang='lat' dir='ltr'><strong>Gal.</strong></span> <span class='ocrx_word' id='word_1_242' title='bbox 462 3259 598 3347; x_wconf 80' lang='lat'>111‚24</span> <span class='ocrx_word' id='word_1_243' title='bbox 624 3273 655 3333; x_wconf 89' lang='lat' dir='ltr'><strong>et</strong></span> <span class='ocrx_word' id='word_1_244' title='bbox 680 3284 815 3352; x_wconf 89' lang='lat' dir='ltr'><strong>prorsus</strong></span> <span class='ocrx_word' id='word_1_245' title='bbox 838 3267 1005 3350; x_wconf 80' lang='lat' dir='ltr'><strong>paulinam</strong></span> <span class='ocrx_word' id='word_1_246' title='bbox 1032 3285 1115 3344; x_wconf 87' lang='lat' dir='ltr'><strong>esse,</strong></span> <span class='ocrx_word' id='word_1_247' title='bbox 1147 3269 1339 3334; x_wconf 88' lang='lat' dir='ltr'><strong>sententiam</strong></span> <span class='ocrx_word' id='word_1_248' title='bbox 1365 3268 1406 3332; x_wconf 87' lang='lat' dir='ltr'><strong>de</strong></span> <span class='ocrx_word' id='word_1_249' title='bbox 1432 3266 1561 3331; x_wconf 89' lang='lat' dir='ltr'><strong>feminis</strong></span> <span class='ocrx_word' id='word_1_250' title='bbox 1587 3265 1631 3331; x_wconf 85' lang='lat' dir='ltr'><strong>ad</strong></span> <span class='ocrx_word' id='word_1_251' title='bbox 1651 3266 1774 3334; x_wconf 87' lang='lat' dir='ltr'><strong>liberos</strong></span> 
     </span>
     <span class='ocr_line' id='line_1_28' title="bbox 361 3361 1774 3453; baseline 0 -17"><span class='ocrx_word' id='word_1_252' title='bbox 361 3372 538 3453; x_wconf 86' lang='lat' dir='ltr'><strong>pariendos</strong></span> <span class='ocrx_word' id='word_1_253' title='bbox 560 3371 726 3436; x_wconf 80' lang='lat' dir='ltr'><strong>destinatis</strong></span> <span class='ocrx_word' id='word_1_254' title='bbox 747 3371 843 3436; x_wconf 87' lang='lat' dir='ltr'><strong>facile</strong></span> <span class='ocrx_word' id='word_1_255' title='bbox 865 3388 939 3436; x_wconf 92' lang='lat' dir='ltr'><strong>cum</strong></span> <span class='ocrx_word' id='word_1_256' title='bbox 966 3371 991 3435; x_wconf 93' lang='lat' dir='ltr'><strong>l.</strong></span> <span class='ocrx_word' id='word_1_257' title='bbox 1018 3368 1093 3436; x_wconf 83' lang='lat' dir='ltr'><strong>Cor.</strong></span> <span class='ocrx_word' id='word_1_258' title='bbox 1112 3371 1179 3447; x_wconf 90' lang='lat' dir='ltr'><strong>Vll,</strong></span> <span class='ocrx_word' id='word_1_259' title='bbox 1203 3361 1251 3436; x_wconf 87' lang='lat'><strong>25</strong></span> <span class='ocrx_word' id='word_1_260' title='bbox 1274 3371 1442 3436; x_wconf 90' lang='lat' dir='ltr'><strong>conciliari</strong></span> <span class='ocrx_word' id='word_1_261' title='bbox 1459 3374 1556 3451; x_wconf 86' lang='lat' dir='ltr'><strong>atque</strong></span> <span class='ocrx_word' id='word_1_262' title='bbox 1575 3369 1628 3433; x_wconf 90' lang='lat' dir='ltr'><strong>hic</strong></span> <span class='ocrx_word' id='word_1_263' title='bbox 1648 3371 1774 3452; x_wconf 89' lang='lat' dir='ltr'><strong>optimo</strong></span> 
     </span>
     <span class='ocr_line' id='line_1_29' title="bbox 358 3468 1774 3557; baseline 0 -19"><span class='ocrx_word' id='word_1_264' title='bbox 358 3475 433 3556; x_wconf 76' lang='lat' dir='ltr'><strong>jure</strong></span> <span class='ocrx_word' id='word_1_265' title='bbox 459 3474 601 3557; x_wconf 93' lang='lat' dir='ltr'><strong>proponi</strong></span> <span class='ocrx_word' id='word_1_266' title='bbox 627 3477 743 3539; x_wconf 89' lang='lat' dir='ltr'><strong>contra</strong></span> <span class='ocrx_word' id='word_1_267' title='bbox 769 3473 871 3539; x_wconf 89' lang='lat' dir='ltr'><strong>falsos</strong></span> <span class='ocrx_word' id='word_1_268' title='bbox 897 3472 1049 3538; x_wconf 87' lang='lat' dir='ltr'><strong>doctores</strong></span> <span class='ocrx_word' id='word_1_269' title='bbox 1066 3472 1267 3537; x_wconf 89' lang='lat' dir='ltr'><strong>matrimonii</strong></span> <span class='ocrx_word' id='word_1_270' title='bbox 1284 3478 1547 3555; x_wconf 74' lang='lat' dir='ltr'><strong>contemptores,</strong></span> <span class='ocrx_word' id='word_1_271' title='bbox 1562 3468 1691 3537; x_wconf 88' lang='lat' dir='ltr'><strong>Christo</strong></span> <span class='ocrx_word' id='word_1_272' title='bbox 1710 3490 1774 3538; x_wconf 88' lang='lat' dir='ltr'><strong>no-</strong></span> 
     </span>
     <span class='ocr_line' id='line_1_30' title="bbox 295 3567 1774 3664; baseline 0.001 -24"><span class='ocrx_word' id='word_1_273' title='bbox 295 3645 299 3654; x_wconf 59' lang='lat'><strong>,</strong></span> <span class='ocrx_word' id='word_1_274' title='bbox 361 3594 437 3642; x_wconf 89' lang='lat' dir='ltr'><strong>men</strong></span> <span class='ocrx_word' id='word_1_275' title='bbox 472 3567 623 3664; x_wconf 68' lang='grc' dir='ltr'><em>μεσίτης</em></span> <span class='ocrx_word' id='word_1_276' title='bbox 657 3576 795 3640; x_wconf 91' lang='lat' dir='ltr'><strong>inditum</strong></span> <span class='ocrx_word' id='word_1_277' title='bbox 829 3574 872 3641; x_wconf 88' lang='lat' dir='ltr'><strong>ad</strong></span> <span class='ocrx_word' id='word_1_278' title='bbox 896 3575 989 3641; x_wconf 87' lang='lat' dir='ltr'><strong>Pauli</strong></span> <span class='ocrx_word' id='word_1_279' title='bbox 1015 3576 1262 3657; x_wconf 86' lang='lat' dir='ltr'><strong>christologiam</strong></span> <span class='ocrx_word' id='word_1_280' title='bbox 1285 3595 1357 3642; x_wconf 87' lang='lat' dir='ltr'><strong>esse</strong></span> <span class='ocrx_word' id='word_1_281' title='bbox 1379 3575 1582 3659; x_wconf 87' lang='lat' dir='ltr'><strong>aptissimum</strong></span> <span class='ocrx_word' id='word_1_282' title='bbox 1609 3579 1641 3639; x_wconf 92' lang='lat' dir='ltr'><strong>et</strong></span> <span class='ocrx_word' id='word_1_283' title='bbox 1666 3591 1707 3639; x_wconf 91' lang='lat' dir='ltr'><strong>ea</strong></span> <span class='ocrx_word' id='word_1_284' title='bbox 1732 3576 1774 3641; x_wconf 87' lang='lat' dir='ltr'><strong>de</strong></span> 
     </span>
     <span class='ocr_line' id='line_1_31' title="bbox 360 3675 1774 3762; baseline 0 -19"><span class='ocrx_word' id='word_1_285' title='bbox 360 3696 462 3744; x_wconf 91' lang='lat' dir='ltr'><strong>causa</strong></span> <span class='ocrx_word' id='word_1_286' title='bbox 483 3696 555 3744; x_wconf 87' lang='lat' dir='ltr'><strong>asse</strong></span> <span class='ocrx_word' id='word_1_287' title='bbox 582 3680 778 3762; x_wconf 90' lang='lat' dir='ltr'><strong>appositum,</strong></span> <span class='ocrx_word' id='word_1_288' title='bbox 802 3680 880 3759; x_wconf 81' lang='lat' dir='ltr'><strong>quia</strong></span> <span class='ocrx_word' id='word_1_289' title='bbox 906 3679 979 3743; x_wconf 88' lang='lat' dir='ltr'><strong>falsi</strong></span> <span class='ocrx_word' id='word_1_290' title='bbox 1002 3678 1154 3744; x_wconf 92' lang='lat' dir='ltr'><strong>doctores</strong></span> <span class='ocrx_word' id='word_1_291' title='bbox 1170 3680 1406 3757; x_wconf 88' lang='lat' dir='ltr'><strong>contenderint,</strong></span> <span class='ocrx_word' id='word_1_292' title='bbox 1428 3695 1497 3742; x_wconf 92' lang='lat' dir='ltr'><strong>uon</strong></span> <span class='ocrx_word' id='word_1_293' title='bbox 1518 3675 1692 3755; x_wconf 84' lang='lat' dir='ltr'><strong>Christum,</strong></span> <span class='ocrx_word' id='word_1_294' title='bbox 1714 3677 1774 3743; x_wconf 92' lang='lat' dir='ltr'><strong>sed</strong></span> 
     </span>
     <span class='ocr_line' id='line_1_32' title="bbox 360 3779 1774 3863; baseline 0 -16"><span class='ocrx_word' id='word_1_295' title='bbox 360 3781 497 3863; x_wconf 79' lang='lat' dir='ltr'><strong>angelos</strong></span> <span class='ocrx_word' id='word_1_296' title='bbox 514 3782 712 3848; x_wconf 88' lang='lat' dir='ltr'><strong>mediatores</strong></span> <span class='ocrx_word' id='word_1_297' title='bbox 728 3782 812 3845; x_wconf 90' lang='lat' dir='ltr'><strong>iuter</strong></span> <span class='ocrx_word' id='word_1_298' title='bbox 829 3781 934 3846; x_wconf 85' lang='lat' dir='ltr'><strong>ileum</strong></span> <span class='ocrx_word' id='word_1_299' title='bbox 948 3781 1164 3863; x_wconf 88' lang='lat' dir='ltr'><strong>hominesque</strong></span> <span class='ocrx_word' id='word_1_300' title='bbox 1180 3783 1351 3848; x_wconf 83' lang='lat' dir='ltr'><strong>exstitisse.</strong></span> <span class='ocrx_word' id='word_1_301' title='bbox 1393 3779 1550 3859; x_wconf 87' lang='lat' dir='ltr'><strong>Quamvis</strong></span> <span class='ocrx_word' id='word_1_302' title='bbox 1567 3785 1676 3844; x_wconf 89' lang='lat' dir='ltr'><strong>autem</strong></span> <span class='ocrx_word' id='word_1_303' title='bbox 1692 3780 1774 3848; x_wconf 91' lang='lat' dir='ltr'><strong>nihil</strong></span> 
     </span>
     <span class='ocr_line' id='line_1_33' title="bbox 361 3880 1774 3968; baseline -0.001 -18"><span class='ocrx_word' id='word_1_304' title='bbox 361 3884 490 3951; x_wconf 84' lang='lat' dir='ltr'><strong>aPauli</strong></span> <span class='ocrx_word' id='word_1_305' title='bbox 508 3886 606 3968; x_wconf 90' lang='lat' dir='ltr'><strong>genio</strong></span> <span class='ocrx_word' id='word_1_306' title='bbox 627 3890 659 3950; x_wconf 92' lang='lat' dir='ltr'><strong>et</strong></span> <span class='ocrx_word' id='word_1_307' title='bbox 680 3901 764 3950; x_wconf 87' lang='lat' dir='ltr'><strong>aevo</strong></span> <span class='ocrx_word' id='word_1_308' title='bbox 782 3883 925 3949; x_wconf 91' lang='lat' dir='ltr'><strong>alienum</strong></span> <span class='ocrx_word' id='word_1_309' title='bbox 948 3885 980 3949; x_wconf 91' lang='lat' dir='ltr'><strong>in</strong></span> <span class='ocrx_word' id='word_1_310' title='bbox 1003 3883 1142 3966; x_wconf 87' lang='lat' dir='ltr'><strong>epistola</strong></span> <span class='ocrx_word' id='word_1_311' title='bbox 1167 3882 1254 3962; x_wconf 88' lang='lat' dir='ltr'><strong>insit,</strong></span> <span class='ocrx_word' id='word_1_312' title='bbox 1278 3890 1387 3950; x_wconf 82' lang='lat' dir='ltr'><strong>tamen</strong></span> <span class='ocrx_word' id='word_1_313' title='bbox 1414 3900 1487 3947; x_wconf 88' lang='lat' dir='ltr'><strong>eam</strong></span> <span class='ocrx_word' id='word_1_314' title='bbox 1512 3881 1616 3947; x_wconf 86' lang='lat' dir='ltr'><strong>Paulo</strong></span> <span class='ocrx_word' id='word_1_315' title='bbox 1636 3880 1699 3966; x_wconf 90' lang='lat' dir='ltr'><strong>ipsi</strong></span> <span class='ocrx_word' id='word_1_316' title='bbox 1721 3888 1774 3949; x_wconf 83' lang='lat' dir='ltr'><strong>at·</strong></span> 
     </span>
     <span class='ocr_line' id='line_1_34' title="bbox 362 3983 1774 4075; baseline 0 -24"><span class='ocrx_word' id='word_1_317' title='bbox 362 3987 462 4052; x_wconf 91' lang='lat' dir='ltr'><strong>tribui</strong></span> <span class='ocrx_word' id='word_1_318' title='bbox 479 4006 546 4054; x_wconf 92' lang='lat' dir='ltr'><strong>non</strong></span> <span class='ocrx_word' id='word_1_319' title='bbox 564 4005 679 4075; x_wconf 87' lang='lat' dir='ltr'><strong>posse,</strong></span> <span class='ocrx_word' id='word_1_320' title='bbox 707 3988 784 4070; x_wconf 87' lang='lat' dir='ltr'><strong>quia</strong></span> <span class='ocrx_word' id='word_1_321' title='bbox 801 3987 834 4050; x_wconf 92' lang='lat' dir='ltr'><strong>in</strong></span> <span class='ocrx_word' id='word_1_322' title='bbox 856 3983 998 4052; x_wconf 86' lang='lat' dir='ltr'><strong>dictione</strong></span> <span class='ocrx_word' id='word_1_323' title='bbox 1018 3987 1128 4051; x_wconf 88' lang='lat' dir='ltr'><strong>multis</strong></span> <span class='ocrx_word' id='word_1_324' title='bbox 1143 3986 1250 4052; x_wconf 85' lang='lat' dir='ltr'><strong>modis</strong></span> <span class='ocrx_word' id='word_1_325' title='bbox 1270 4006 1291 4052; x_wconf 92' lang='lat' dir='ltr'><strong>a</strong></span> <span class='ocrx_word' id='word_1_326' title='bbox 1307 3985 1400 4052; x_wconf 86' lang='lat' dir='ltr'><strong>Pauli</strong></span> <span class='ocrx_word' id='word_1_327' title='bbox 1416 3986 1502 4066; x_wconf 85' lang='lat' dir='ltr'><strong>stylo</strong></span> <span class='ocrx_word' id='word_1_328' title='bbox 1520 3985 1667 4064; x_wconf 88' lang='lat' dir='ltr'><strong>aberret,</strong></span> <span class='ocrx_word' id='word_1_329' title='bbox 1690 3985 1774 4051; x_wconf 93' lang='lat' dir='ltr'><strong>sicut</strong></span> 
     </span>
     <span class='ocr_line' id='line_1_35' title="bbox 360 4087 1772 4174; baseline -0.001 -19"><span class='ocrx_word' id='word_1_330' title='bbox 360 4089 448 4155; x_wconf 88' lang='lat' dir='ltr'><strong>aliae</strong></span> <span class='ocrx_word' id='word_1_331' title='bbox 476 4092 636 4174; x_wconf 89' lang='lat' dir='ltr'><strong>epistolae</strong></span> <span class='ocrx_word' id='word_1_332' title='bbox 668 4089 867 4172; x_wconf 72' lang='lat' dir='ltr'><strong>pastorales,</strong></span> <span class='ocrx_word' id='word_1_333' title='bbox 899 4089 1046 4154; x_wconf 83' lang='lat' dir='ltr'><strong>maxime</strong></span> <span class='ocrx_word' id='word_1_334' title='bbox 1071 4089 1170 4170; x_wconf 89' lang='lat' dir='ltr'><strong>igitur</strong></span> <span class='ocrx_word' id='word_1_335' title='bbox 1194 4090 1366 4172; x_wconf 88' lang='lat' dir='ltr'><strong>prohabile</strong></span> <span class='ocrx_word' id='word_1_336' title='bbox 1389 4105 1471 4164; x_wconf 91' lang='lat' dir='ltr'><strong>esse,</strong></span> <span class='ocrx_word' id='word_1_337' title='bbox 1497 4087 1570 4151; x_wconf 91' lang='lat' dir='ltr'><strong>illas</strong></span> <span class='ocrx_word' id='word_1_338' title='bbox 1592 4104 1664 4152; x_wconf 89' lang='lat' dir='ltr'><strong>esse</strong></span> <span class='ocrx_word' id='word_1_339' title='bbox 1689 4105 1772 4153; x_wconf 91' lang='lat' dir='ltr'><strong>con·</strong></span> 
     </span>
     <span class='ocr_line' id='line_1_36' title="bbox 360 4190 1771 4276; baseline -0.001 -20"><span class='ocrx_word' id='word_1_340' title='bbox 360 4192 498 4273; x_wconf 86' lang='lat' dir='ltr'><strong>scriptas</strong></span> <span class='ocrx_word' id='word_1_341' title='bbox 516 4212 537 4259; x_wconf 90' lang='lat' dir='ltr'><strong>a</strong></span> <span class='ocrx_word' id='word_1_342' title='bbox 553 4194 724 4276; x_wconf 88' lang='lat' dir='ltr'><strong>discipulo,</strong></span> <span class='ocrx_word' id='word_1_343' title='bbox 750 4207 855 4274; x_wconf 88' lang='lat' dir='ltr'><strong>aquo</strong></span> <span class='ocrx_word' id='word_1_344' title='bbox 875 4190 1007 4271; x_wconf 87' lang='lat' dir='ltr'><strong>Paulus,</strong></span> <span class='ocrx_word' id='word_1_345' title='bbox 1032 4191 1186 4269; x_wconf 87' lang='lat' dir='ltr'><strong>iudicato,</strong></span> <span class='ocrx_word' id='word_1_346' title='bbox 1207 4191 1248 4255; x_wconf 89' lang='lat' dir='ltr'><strong>de</strong></span> <span class='ocrx_word' id='word_1_347' title='bbox 1273 4210 1339 4274; x_wconf 88' lang='lat' dir='ltr'><strong>quo</strong></span> <span class='ocrx_word' id='word_1_348' title='bbox 1359 4190 1521 4274; x_wconf 89' lang='lat' dir='ltr'><strong>agendum</strong></span> <span class='ocrx_word' id='word_1_349' title='bbox 1547 4190 1655 4270; x_wconf 88' lang='lat' dir='ltr'><strong>fuerit,</strong></span> <span class='ocrx_word' id='word_1_350' title='bbox 1680 4191 1771 4273; x_wconf 90' lang='lat' dir='ltr'><strong>prin-</strong></span> 
     </span>
     <span class='ocr_line' id='line_1_37' title="bbox 359 4291 1771 4377; baseline -0.001 -18"><span class='ocrx_word' id='word_1_351' title='bbox 359 4294 457 4377; x_wconf 88' lang='lat' dir='ltr'><strong>cipali</strong></span> <span class='ocrx_word' id='word_1_352' title='bbox 478 4300 683 4376; x_wconf 89' lang='lat' dir='ltr'><strong>argumento,</strong></span> <span class='ocrx_word' id='word_1_353' title='bbox 708 4299 857 4377; x_wconf 89' lang='lat' dir='ltr'><strong>tempore</strong></span> <span class='ocrx_word' id='word_1_354' title='bbox 882 4293 1053 4360; x_wconf 85' lang='lat' dir='ltr'><strong>deficiente</strong></span> <span class='ocrx_word' id='word_1_355' title='bbox 1079 4294 1233 4377; x_wconf 87' lang='lat' dir='ltr'><strong>epistolas</strong></span> <span class='ocrx_word' id='word_1_356' title='bbox 1257 4294 1445 4361; x_wconf 88' lang='lat' dir='ltr'><strong>scribendas</strong></span> <span class='ocrx_word' id='word_1_357' title='bbox 1472 4294 1645 4357; x_wconf 85' lang='lat' dir='ltr'><strong>curaverit</strong></span> <span class='ocrx_word' id='word_1_358' title='bbox 1696 4291 1771 4372; x_wconf 88' lang='lat' dir='ltr'><strong>Qua</strong></span> 
     </span>
     <span class='ocr_line' id='line_1_38' title="bbox 360 4385 1771 4480; baseline 0 -19"><span class='ocrx_word' id='word_1_359' title='bbox 360 4397 401 4461; x_wconf 91' lang='lat' dir='ltr'><strong>de</strong></span> <span class='ocrx_word' id='word_1_360' title='bbox 426 4413 527 4462; x_wconf 87' lang='lat' dir='ltr'><strong>causa</strong></span> <span class='ocrx_word' id='word_1_361' title='bbox 551 4397 668 4464; x_wconf 87' lang='lat' dir='ltr'><strong>falsam</strong></span> <span class='ocrx_word' id='word_1_362' title='bbox 694 4413 767 4462; x_wconf 89' lang='lat' dir='ltr'><strong>esse</strong></span> <span class='ocrx_word' id='word_1_363' title='bbox 793 4395 1084 4462; x_wconf 87' lang='lat' dir='ltr'><strong>Schleiermacherl</strong></span> <span class='ocrx_word' id='word_1_364' title='bbox 1109 4397 1320 4480; x_wconf 88' lang='lat' dir='ltr'><strong>opinionem,</strong></span> <span class='ocrx_word' id='word_1_365' title='bbox 1351 4397 1427 4480; x_wconf 85' lang='lat' dir='ltr'><strong>quia</strong></span> <span class='ocrx_word' id='word_1_366' title='bbox 1452 4396 1544 4460; x_wconf 88' lang='lat' dir='ltr'><strong>locus</strong></span> <span class='ocrx_word' id='word_1_367' title='bbox 1570 4395 1595 4472; x_wconf 97' lang='lat' dir='ltr'><strong>l,</strong></span> <span class='ocrx_word' id='word_1_368' title='bbox 1629 4385 1678 4460; x_wconf 89' lang='lat'><strong>20</strong></span> <span class='ocrx_word' id='word_1_369' title='bbox 1703 4412 1771 4461; x_wconf 92' lang='lat' dir='ltr'><strong>non</strong></span> 
     </span>
     <span class='ocr_line' id='line_1_39' title="bbox 359 4493 1771 4584; baseline -0.001 -19"><span class='ocrx_word' id='word_1_370' title='bbox 359 4499 546 4566; x_wconf 87' lang='lat' dir='ltr'><strong>necessario</strong></span> <span class='ocrx_word' id='word_1_371' title='bbox 572 4518 614 4565; x_wconf 81' lang='lat' dir='ltr'><strong>ex</strong></span> <span class='ocrx_word' id='word_1_372' title='bbox 640 4501 679 4565; x_wconf 90' lang='lat' dir='ltr'><strong>ll.</strong></span> <span class='ocrx_word' id='word_1_373' title='bbox 704 4500 787 4565; x_wconf 84' lang='lat' dir='ltr'><strong>Tim.</strong></span> <span class='ocrx_word' id='word_1_374' title='bbox 811 4499 850 4575; x_wconf 91' lang='lat' dir='ltr'><strong>ll,</strong></span> <span class='ocrx_word' id='word_1_375' title='bbox 879 4493 926 4566; x_wconf 90' lang='lat'><strong>17</strong></span> <span class='ocrx_word' id='word_1_376' title='bbox 951 4504 984 4564; x_wconf 92' lang='lat' dir='ltr'><strong>et</strong></span> <span class='ocrx_word' id='word_1_377' title='bbox 1008 4500 1061 4579; x_wconf 80' lang='lat' dir='ltr'><strong>lv,</strong></span> <span class='ocrx_word' id='word_1_378' title='bbox 1089 4493 1136 4564; x_wconf 89' lang='grc'><strong>14</strong></span> <span class='ocrx_word' id='word_1_379' title='bbox 1161 4501 1355 4584; x_wconf 86' lang='lat' dir='ltr'><strong>compilatus</strong></span> <span class='ocrx_word' id='word_1_380' title='bbox 1381 4498 1544 4583; x_wconf 88' lang='lat' dir='ltr'><strong>putandus</strong></span> <span class='ocrx_word' id='word_1_381' title='bbox 1566 4497 1617 4574; x_wconf 89' lang='lat' dir='ltr'><strong>sit,</strong></span> <span class='ocrx_word' id='word_1_382' title='bbox 1640 4497 1716 4580; x_wconf 90' lang='lat' dir='ltr'><strong>quia</strong></span> <span class='ocrx_word' id='word_1_383' title='bbox 1738 4498 1771 4563; x_wconf 91' lang='lat' dir='ltr'><strong>in</strong></span> 
     </span>
     <span class='ocr_line' id='line_1_40' title="bbox 358 4600 1770 4680; baseline -0.001 -12"><span class='ocrx_word' id='word_1_384' title='bbox 358 4604 383 4668; x_wconf 92' lang='lat' dir='ltr'><strong>l.</strong></span> <span class='ocrx_word' id='word_1_385' title='bbox 409 4603 492 4669; x_wconf 92' lang='lat' dir='ltr'><strong>Tim.</strong></span> <span class='ocrx_word' id='word_1_386' title='bbox 527 4602 663 4668; x_wconf 84' lang='lat' dir='ltr'><strong>eaedem</strong></span> <span class='ocrx_word' id='word_1_387' title='bbox 698 4619 768 4680; x_wconf 89' lang='lat' dir='ltr'><strong>res,</strong></span> <span class='ocrx_word' id='word_1_388' title='bbox 802 4617 863 4667; x_wconf 91' lang='lat' dir='ltr'><strong>nec</strong></span> <span class='ocrx_word' id='word_1_389' title='bbox 896 4606 1009 4668; x_wconf 89' lang='lat' dir='ltr'><strong>tamen</strong></span> <span class='ocrx_word' id='word_1_390' title='bbox 1041 4603 1126 4668; x_wconf 88' lang='lat' dir='ltr'><strong>male</strong></span> <span class='ocrx_word' id='word_1_391' title='bbox 1148 4601 1331 4669; x_wconf 88' lang='lat' dir='ltr'><strong>intellectae</strong></span> <span class='ocrx_word' id='word_1_392' title='bbox 1357 4607 1390 4668; x_wconf 93' lang='lat' dir='ltr'><strong>et</strong></span> <span class='ocrx_word' id='word_1_393' title='bbox 1413 4602 1497 4667; x_wconf 91' lang='lat' dir='ltr'><strong>falso</strong></span> <span class='ocrx_word' id='word_1_394' title='bbox 1523 4602 1645 4666; x_wconf 87' lang='lat' dir='ltr'><strong>relatae</strong></span> <span class='ocrx_word' id='word_1_395' title='bbox 1667 4617 1709 4665; x_wconf 89' lang='lat' dir='ltr'><strong>ex</strong></span> <span class='ocrx_word' id='word_1_396' title='bbox 1731 4600 1770 4666; x_wconf 91' lang='lat' dir='ltr'><strong>ll.</strong></span> 
     </span>
     <span class='ocr_line' id='line_1_41' title="bbox 358 4701 1770 4791; baseline -0.002 -21"><span class='ocrx_word' id='word_1_397' title='bbox 358 4705 441 4771; x_wconf 88' lang='lat' dir='ltr'><strong>Tim.</strong></span> <span class='ocrx_word' id='word_1_398' title='bbox 466 4710 498 4771; x_wconf 88' lang='lat' dir='ltr'><strong>et</strong></span> <span class='ocrx_word' id='word_1_399' title='bbox 522 4705 584 4771; x_wconf 85' lang='lat' dir='ltr'><strong>Tit</strong></span> <span class='ocrx_word' id='word_1_400' title='bbox 609 4706 771 4789; x_wconf 89' lang='lat' dir='ltr'><strong>legantur,</strong></span> <span class='ocrx_word' id='word_1_401' title='bbox 796 4703 919 4786; x_wconf 89' lang='lat' dir='ltr'><strong>quial.</strong></span> <span class='ocrx_word' id='word_1_402' title='bbox 945 4705 1028 4771; x_wconf 79' lang='lat' dir='ltr'><strong>Tim.</strong></span> <span class='ocrx_word' id='word_1_403' title='bbox 1055 4723 1122 4773; x_wconf 92' lang='lat' dir='ltr'><strong>non</strong></span> <span class='ocrx_word' id='word_1_404' title='bbox 1149 4703 1312 4791; x_wconf 88' lang='lat' dir='ltr'><strong>descripta</strong></span> <span class='ocrx_word' id='word_1_405' title='bbox 1332 4706 1375 4772; x_wconf 87' lang='lat' dir='ltr'><strong>sit</strong></span> <span class='ocrx_word' id='word_1_406' title='bbox 1399 4723 1442 4769; x_wconf 89' lang='lat' dir='ltr'><strong>ex</strong></span> <span class='ocrx_word' id='word_1_407' title='bbox 1469 4703 1558 4778; x_wconf 87' lang='lat' dir='ltr'><strong>aliis,</strong></span> <span class='ocrx_word' id='word_1_408' title='bbox 1594 4701 1652 4767; x_wconf 88' lang='lat' dir='ltr'><strong>sed</strong></span> <span class='ocrx_word' id='word_1_409' title='bbox 1678 4701 1770 4767; x_wconf 89' lang='lat' dir='ltr'><strong>simi·</strong></span> 
     </span>
    </p>
   </div>
   <div class='ocr_carea' id='block_1_7' title="bbox 1446 4835 1490 4896">
    <p class='ocr_par' dir='ltr' id='par_1_9' title="bbox 1446 4835 1490 4896">
     <span class='ocr_line' id='line_1_42' title="bbox 1446 4835 1490 4896; baseline 0 -24"><span class='ocrx_word' id='word_1_410' title='bbox 1446 4835 1490 4896; x_wconf 66' lang='lat'><strong>40</strong></span> 
     </span>
    </p>
   </div>
   <div class='ocr_carea' id='block_1_8' title="bbox 0 0 2180 5586">
    <p class='ocr_par' dir='ltr' id='par_1_10' title="bbox 0 0 2180 5586">
     <span class='ocr_line' id='line_1_43' title="bbox 0 0 2180 5586; baseline 0 4"><span class='ocrx_word' id='word_1_411' title='bbox 0 0 2180 5586; x_wconf 95' lang='lat' dir='ltr'><strong> </strong></span> 
     </span>
    </p>
   </div>
  </div>
 </body>
</html>
