<?xml version="1.0" encoding="UTF-8"?>
<!DOCTYPE html PUBLIC "-//W3C//DTD XHTML 1.0 Transitional//EN"
    "http://www.w3.org/TR/xhtml1/DTD/xhtml1-transitional.dtd">
<html xmlns="http://www.w3.org/1999/xhtml" xml:lang="en" lang="en">
 <head>
  <title>
</title>
<meta http-equiv="Content-Type" content="text/html;charset=utf-8" />
  <meta name='ocr-system' content='tesseract 3.04.00' />
  <meta name='ocr-capabilities' content='ocr_page ocr_carea ocr_par ocr_line ocrx_word'/>
</head>
<body>
  <div class='ocr_page' id='page_1' title='image "./dissertatiodear00rudogoog_0050.png"; bbox 0 0 4350 5586; ppageno 0'>
   <div class='ocr_carea' id='block_1_1' title="bbox 1056 513 1099 580">
    <p class='ocr_par' dir='ltr' id='par_1_1' title="bbox 1056 513 1099 580">
     <span class='ocr_line' id='line_1_1' title="bbox 1056 513 1099 580; baseline 0 0"><span class='ocrx_word' id='word_1_1' title='bbox 1056 513 1099 580; x_wconf 79' lang='grc'><strong>39</strong></span> 
     </span>
    </p>
   </div>
   <div class='ocr_carea' id='block_1_2' title="bbox 367 690 1791 3861">
    <p class='ocr_par' dir='ltr' id='par_1_2' title="bbox 367 690 1791 3861">
     <span class='ocr_line' id='line_1_2' title="bbox 371 690 1789 776; baseline 0.002 -19"><span class='ocrx_word' id='word_1_2' title='bbox 371 695 504 770; x_wconf 85' lang='lat' dir='ltr'><strong>scimus,</strong></span> <span class='ocrx_word' id='word_1_3' title='bbox 528 691 587 757; x_wconf 90' lang='lat' dir='ltr'><strong>sed</strong></span> <span class='ocrx_word' id='word_1_4' title='bbox 612 691 706 757; x_wconf 86' lang='lat' dir='ltr'><strong>tacite</strong></span> <span class='ocrx_word' id='word_1_5' title='bbox 729 690 893 774; x_wconf 87' lang='lat' dir='ltr'><strong>colligitur</strong></span> <span class='ocrx_word' id='word_1_6' title='bbox 918 697 987 756; x_wconf 91' lang='lat' dir='ltr'><strong>tum</strong></span> <span class='ocrx_word' id='word_1_7' title='bbox 1009 709 1051 756; x_wconf 87' lang='lat' dir='ltr'><strong>ex</strong></span> <span class='ocrx_word' id='word_1_8' title='bbox 1075 690 1229 773; x_wconf 84' lang='lat' dir='ltr'><strong>exemplo</strong></span> <span class='ocrx_word' id='word_1_9' title='bbox 1255 707 1443 775; x_wconf 75' lang='lat' dir='ltr'><strong>synagogae</strong></span> <span class='ocrx_word' id='word_1_10' title='bbox 1463 693 1627 776; x_wconf 83' lang='lat' dir='ltr'><strong>judaicae,</strong></span> <span class='ocrx_word' id='word_1_11' title='bbox 1653 698 1721 760; x_wconf 92' lang='lat' dir='ltr'><strong>tum</strong></span> <span class='ocrx_word' id='word_1_12' title='bbox 1745 712 1789 760; x_wconf 84' lang='lat' dir='ltr'><strong>ex</strong></span> 
     </span>
     <span class='ocr_line' id='line_1_3' title="bbox 373 793 1790 877; baseline 0.001 -15"><span class='ocrx_word' id='word_1_13' title='bbox 373 813 466 862; x_wconf 89' lang='lat' dir='ltr'><strong>more</strong></span> <span class='ocrx_word' id='word_1_14' title='bbox 492 795 594 870; x_wconf 85' lang='lat' dir='ltr'><strong>Pauli,</strong></span> <span class='ocrx_word' id='word_1_15' title='bbox 620 813 688 877; x_wconf 82' lang='lat' dir='ltr'><strong>quo</strong></span> <span class='ocrx_word' id='word_1_16' title='bbox 713 793 896 860; x_wconf 87' lang='lat' dir='ltr'><strong>doctrinam</strong></span> <span class='ocrx_word' id='word_1_17' title='bbox 921 811 1016 860; x_wconf 86' lang='lat' dir='ltr'><strong>suem</strong></span> <span class='ocrx_word' id='word_1_18' title='bbox 1041 794 1122 859; x_wconf 91' lang='lat' dir='ltr'><strong>locis</strong></span> <span class='ocrx_word' id='word_1_19' title='bbox 1146 812 1188 859; x_wconf 87' lang='lat' dir='ltr'><strong>ex</strong></span> <span class='ocrx_word' id='word_1_20' title='bbox 1213 794 1251 860; x_wconf 89' lang='lat' dir='ltr'><strong>V.</strong></span> <span class='ocrx_word' id='word_1_21' title='bbox 1277 794 1313 859; x_wconf 89' lang='grc' dir='ltr'><strong>Τ.</strong></span> <span class='ocrx_word' id='word_1_22' title='bbox 1336 795 1442 862; x_wconf 85' lang='lat' dir='ltr'><strong>allatis</strong></span> <span class='ocrx_word' id='word_1_23' title='bbox 1466 797 1626 873; x_wconf 82' lang='lat' dir='ltr'><strong>firmabat,</strong></span> <span class='ocrx_word' id='word_1_24' title='bbox 1652 802 1720 862; x_wconf 90' lang='lat' dir='ltr'><strong>tum</strong></span> <span class='ocrx_word' id='word_1_25' title='bbox 1747 815 1790 863; x_wconf 84' lang='lat' dir='ltr'><strong>ex</strong></span> 
     </span>
     <span class='ocr_line' id='line_1_4' title="bbox 371 897 1790 982; baseline 0 -18"><span class='ocrx_word' id='word_1_26' title='bbox 371 898 611 982; x_wconf 76' lang='lat' dir='ltr'><strong>compositione</strong></span> <span class='ocrx_word' id='word_1_27' title='bbox 637 897 857 981; x_wconf 91' lang='lat' dir='ltr'><strong>complurium</strong></span> <span class='ocrx_word' id='word_1_28' title='bbox 882 897 1112 973; x_wconf 89' lang='lat' dir='ltr'><strong>ecclesiarum,</strong></span> <span class='ocrx_word' id='word_1_29' title='bbox 1150 913 1236 978; x_wconf 83' lang='lat' dir='ltr'><strong>quae</strong></span> <span class='ocrx_word' id='word_1_30' title='bbox 1261 914 1382 979; x_wconf 90' lang='lat' dir='ltr'><strong>magna</strong></span> <span class='ocrx_word' id='word_1_31' title='bbox 1407 915 1449 962; x_wconf 87' lang='lat' dir='ltr'><strong>ex</strong></span> <span class='ocrx_word' id='word_1_32' title='bbox 1473 906 1566 981; x_wconf 89' lang='lat' dir='ltr'><strong>parte</strong></span> <span class='ocrx_word' id='word_1_33' title='bbox 1591 917 1633 964; x_wconf 86' lang='lat' dir='ltr'><strong>ex</strong></span> <span class='ocrx_word' id='word_1_34' title='bbox 1655 898 1790 965; x_wconf 79' lang='lat' dir='ltr'><strong>ludaeis</strong></span> 
     </span>
     <span class='ocr_line' id='line_1_5' title="bbox 371 1001 1791 1084; baseline 0.002 -21"><span class='ocrx_word' id='word_1_35' title='bbox 371 1003 424 1066; x_wconf 82' lang='lat' dir='ltr'><strong>vel</strong></span> <span class='ocrx_word' id='word_1_36' title='bbox 449 1001 622 1084; x_wconf 73' lang='lat' dir='ltr'><strong>proselytis</strong></span> <span class='ocrx_word' id='word_1_37' title='bbox 648 1002 842 1066; x_wconf 77' lang='lat' dir='ltr'><strong>constabant</strong></span> <span class='ocrx_word' id='word_1_38' title='bbox 867 1001 1009 1082; x_wconf 85' lang='lat' dir='ltr'><strong>ideoque</strong></span> <span class='ocrx_word' id='word_1_39' title='bbox 1035 1017 1055 1065; x_wconf 89' lang='lat' dir='ltr'><strong>a</strong></span> <span class='ocrx_word' id='word_1_40' title='bbox 1080 1015 1175 1064; x_wconf 91' lang='lat' dir='ltr'><strong>more</strong></span> <span class='ocrx_word' id='word_1_41' title='bbox 1200 1006 1360 1066; x_wconf 89' lang='lat' dir='ltr'><strong>consueto</strong></span> <span class='ocrx_word' id='word_1_42' title='bbox 1385 1018 1453 1066; x_wconf 92' lang='lat' dir='ltr'><strong>non</strong></span> <span class='ocrx_word' id='word_1_43' title='bbox 1471 1002 1568 1068; x_wconf 89' lang='lat' dir='ltr'><strong>laoile</strong></span> <span class='ocrx_word' id='word_1_44' title='bbox 1583 1002 1791 1080; x_wconf 89' lang='lat' dir='ltr'><strong>recedebant,</strong></span> 
     </span>
     <span class='ocr_line' id='line_1_6' title="bbox 371 1102 1788 1185; baseline 0.001 -16"><span class='ocrx_word' id='word_1_45' title='bbox 371 1111 440 1169; x_wconf 90' lang='lat' dir='ltr'><strong>tum</strong></span> <span class='ocrx_word' id='word_1_46' title='bbox 466 1102 607 1185; x_wconf 87' lang='lat' dir='ltr'><strong>denique</strong></span> <span class='ocrx_word' id='word_1_47' title='bbox 633 1121 676 1168; x_wconf 85' lang='lat' dir='ltr'><strong>ex</strong></span> <span class='ocrx_word' id='word_1_48' title='bbox 701 1120 829 1169; x_wconf 89' lang='lat' dir='ltr'><strong>summa</strong></span> <span class='ocrx_word' id='word_1_49' title='bbox 852 1104 999 1180; x_wconf 86' lang='lat' dir='ltr'><strong>utilitate,</strong></span> <span class='ocrx_word' id='word_1_50' title='bbox 1022 1119 1107 1184; x_wconf 87' lang='lat' dir='ltr'><strong>quae</strong></span> <span class='ocrx_word' id='word_1_51' title='bbox 1133 1103 1279 1168; x_wconf 84' lang='lat' dir='ltr'><strong>ecclesiis</strong></span> <span class='ocrx_word' id='word_1_52' title='bbox 1303 1120 1345 1167; x_wconf 87' lang='lat' dir='ltr'><strong>ex</strong></span> <span class='ocrx_word' id='word_1_53' title='bbox 1373 1103 1489 1170; x_wconf 89' lang='lat' dir='ltr'><strong>notitia</strong></span> <span class='ocrx_word' id='word_1_54' title='bbox 1515 1107 1551 1171; x_wconf 89' lang='lat' dir='ltr'><strong>V.</strong></span> <span class='ocrx_word' id='word_1_55' title='bbox 1577 1105 1614 1171; x_wconf 83' lang='lat' dir='ltr'><strong>T.</strong></span> <span class='ocrx_word' id='word_1_56' title='bbox 1640 1110 1788 1170; x_wconf 83' lang='lat' dir='ltr'><strong>atoeoo·</strong></span> 
     </span>
     <span class='ocr_line' id='line_1_7' title="bbox 370 1204 1788 1274; baseline 0.002 -4"><span class='ocrx_word' id='word_1_57' title='bbox 370 1206 503 1272; x_wconf 85' lang='lat' dir='ltr'><strong>nomiae</strong></span> <span class='ocrx_word' id='word_1_58' title='bbox 527 1205 641 1270; x_wconf 88' lang='lat' dir='ltr'><strong>salutis</strong></span> <span class='ocrx_word' id='word_1_59' title='bbox 667 1205 879 1272; x_wconf 79' lang='lat' dir='ltr'><strong>redundabat.</strong></span> <span class='ocrx_word' id='word_1_60' title='bbox 931 1205 1083 1272; x_wconf 83' lang='lat' dir='ltr'><strong>Celerum</strong></span> <span class='ocrx_word' id='word_1_61' title='bbox 1108 1204 1218 1270; x_wconf 90' lang='lat' dir='ltr'><strong>nullae</strong></span> <span class='ocrx_word' id='word_1_62' title='bbox 1243 1205 1352 1270; x_wconf 88' lang='lat' dir='ltr'><strong>adbuc</strong></span> <span class='ocrx_word' id='word_1_63' title='bbox 1376 1210 1485 1271; x_wconf 88' lang='lat' dir='ltr'><strong>certae</strong></span> <span class='ocrx_word' id='word_1_64' title='bbox 1505 1213 1537 1272; x_wconf 91' lang='lat' dir='ltr'><strong>ct</strong></span> <span class='ocrx_word' id='word_1_65' title='bbox 1563 1206 1714 1274; x_wconf 74' lang='lat' dir='ltr'><strong>delinitae</strong></span> <span class='ocrx_word' id='word_1_66' title='bbox 1733 1225 1788 1273; x_wconf 89' lang='lat' dir='ltr'><strong>re·</strong></span> 
     </span>
     <span class='ocr_line' id='line_1_8' title="bbox 371 1308 1789 1392; baseline 0.002 -20"><span class='ocrx_word' id='word_1_67' title='bbox 371 1310 466 1390; x_wconf 81' lang='lat' dir='ltr'><strong>gulae</strong></span> <span class='ocrx_word' id='word_1_68' title='bbox 491 1327 532 1373; x_wconf 92' lang='lat' dir='ltr'><strong>ac</strong></span> <span class='ocrx_word' id='word_1_69' title='bbox 557 1309 663 1390; x_wconf 90' lang='lat' dir='ltr'><strong>leges,</strong></span> <span class='ocrx_word' id='word_1_70' title='bbox 698 1308 741 1375; x_wconf 88' lang='lat' dir='ltr'><strong>ad</strong></span> <span class='ocrx_word' id='word_1_71' title='bbox 764 1326 845 1392; x_wconf 88' lang='lat' dir='ltr'><strong>quas</strong></span> <span class='ocrx_word' id='word_1_72' title='bbox 866 1309 980 1375; x_wconf 88' lang='lat' dir='ltr'><strong>omnia</strong></span> <span class='ocrx_word' id='word_1_73' title='bbox 1005 1308 1214 1390; x_wconf 77' lang='lat' dir='ltr'><strong>exigerentur</strong></span> <span class='ocrx_word' id='word_1_74' title='bbox 1237 1313 1270 1373; x_wconf 89' lang='lat' dir='ltr'><strong>et</strong></span> <span class='ocrx_word' id='word_1_75' title='bbox 1294 1310 1611 1390; x_wconf 75' lang='lat' dir='ltr'><strong>praescriberentur,</strong></span> <span class='ocrx_word' id='word_1_76' title='bbox 1647 1327 1732 1392; x_wconf 85' lang='lat' dir='ltr'><strong>quae</strong></span> <span class='ocrx_word' id='word_1_77' title='bbox 1756 1315 1789 1375; x_wconf 91' lang='lat' dir='ltr'><strong>et</strong></span> 
     </span>
     <span class='ocr_line' id='line_1_9' title="bbox 371 1410 1788 1494; baseline 0.002 -19"><span class='ocrx_word' id='word_1_78' title='bbox 371 1411 540 1494; x_wconf 83' lang='lat' dir='ltr'><strong>quomodo</strong></span> <span class='ocrx_word' id='word_1_79' title='bbox 564 1417 673 1476; x_wconf 87' lang='lat' dir='ltr'><strong>essent</strong></span> <span class='ocrx_word' id='word_1_80' title='bbox 696 1411 857 1491; x_wconf 87' lang='lat' dir='ltr'><strong>iacienda,</strong></span> <span class='ocrx_word' id='word_1_81' title='bbox 882 1413 990 1476; x_wconf 89' lang='lat' dir='ltr'><strong>nullus</strong></span> <span class='ocrx_word' id='word_1_82' title='bbox 1016 1410 1101 1476; x_wconf 91' lang='lat' dir='ltr'><strong>ordo</strong></span> <span class='ocrx_word' id='word_1_83' title='bbox 1127 1411 1351 1478; x_wconf 90' lang='lat' dir='ltr'><strong>ministrorum</strong></span> <span class='ocrx_word' id='word_1_84' title='bbox 1376 1413 1691 1487; x_wconf 77' lang='lat' dir='ltr'><strong>ecclesiasticorum:</strong></span> <span class='ocrx_word' id='word_1_85' title='bbox 1728 1430 1788 1478; x_wconf 89' lang='lat' dir='ltr'><strong>neo</strong></span> 
     </span>
     <span class='ocr_line' id='line_1_10' title="bbox 370 1514 1789 1598; baseline 0.001 -19"><span class='ocrx_word' id='word_1_86' title='bbox 370 1515 474 1579; x_wconf 93' lang='lat' dir='ltr'><strong>ullum</strong></span> <span class='ocrx_word' id='word_1_87' title='bbox 499 1514 673 1578; x_wconf 84' lang='lat' dir='ltr'><strong>discrimen</strong></span> <span class='ocrx_word' id='word_1_88' title='bbox 698 1514 776 1580; x_wconf 88' lang='lat' dir='ltr'><strong>cleri</strong></span> <span class='ocrx_word' id='word_1_89' title='bbox 800 1520 832 1579; x_wconf 90' lang='lat' dir='ltr'><strong>et</strong></span> <span class='ocrx_word' id='word_1_90' title='bbox 858 1514 1036 1591; x_wconf 90' lang='lat' dir='ltr'><strong>laicorum,</strong></span> <span class='ocrx_word' id='word_1_91' title='bbox 1068 1514 1164 1595; x_wconf 87' lang='lat' dir='ltr'><strong>quale</strong></span> <span class='ocrx_word' id='word_1_92' title='bbox 1188 1519 1303 1597; x_wconf 87' lang='lat' dir='ltr'><strong>postea</strong></span> <span class='ocrx_word' id='word_1_93' title='bbox 1328 1514 1530 1592; x_wconf 85' lang='lat' dir='ltr'><strong>invenimus,</strong></span> <span class='ocrx_word' id='word_1_94' title='bbox 1564 1533 1627 1580; x_wconf 87' lang='lat' dir='ltr'><strong>neo</strong></span> <span class='ocrx_word' id='word_1_95' title='bbox 1652 1514 1789 1598; x_wconf 78' lang='lat' dir='ltr'><strong>presby-</strong></span> 
     </span>
     <span class='ocr_line' id='line_1_11' title="bbox 370 1616 1789 1699; baseline 0.002 -19"><span class='ocrx_word' id='word_1_96' title='bbox 370 1624 517 1683; x_wconf 88' lang='lat' dir='ltr'><strong>terorum</strong></span> <span class='ocrx_word' id='word_1_97' title='bbox 550 1634 611 1682; x_wconf 90' lang='lat' dir='ltr'><strong>nec</strong></span> <span class='ocrx_word' id='word_1_98' title='bbox 645 1616 861 1682; x_wconf 88' lang='lat' dir='ltr'><strong>diaconorum</strong></span> <span class='ocrx_word' id='word_1_99' title='bbox 896 1634 958 1682; x_wconf 89' lang='lat' dir='ltr'><strong>nec</strong></span> <span class='ocrx_word' id='word_1_100' title='bbox 983 1616 1141 1682; x_wconf 88' lang='lat' dir='ltr'><strong>ecclesiae</strong></span> <span class='ocrx_word' id='word_1_101' title='bbox 1169 1616 1246 1699; x_wconf 82' lang='lat' dir='ltr'><strong>Jura</strong></span> <span class='ocrx_word' id='word_1_102' title='bbox 1272 1620 1305 1681; x_wconf 88' lang='lat' dir='ltr'><strong>et</strong></span> <span class='ocrx_word' id='word_1_103' title='bbox 1334 1616 1444 1684; x_wconf 88' lang='lat' dir='ltr'><strong>ollicia</strong></span> <span class='ocrx_word' id='word_1_104' title='bbox 1470 1625 1622 1683; x_wconf 87' lang='lat' dir='ltr'><strong>accurate</strong></span> <span class='ocrx_word' id='word_1_105' title='bbox 1647 1619 1789 1684; x_wconf 88' lang='lat' dir='ltr'><strong>nircum·</strong></span> 
     </span>
     <span class='ocr_line' id='line_1_12' title="bbox 369 1719 1789 1803; baseline 0.001 -18"><span class='ocrx_word' id='word_1_106' title='bbox 369 1721 488 1802; x_wconf 89' lang='lat' dir='ltr'><strong>scripta</strong></span> <span class='ocrx_word' id='word_1_107' title='bbox 516 1724 548 1783; x_wconf 89' lang='lat' dir='ltr'><strong>et</strong></span> <span class='ocrx_word' id='word_1_108' title='bbox 573 1721 747 1786; x_wconf 88' lang='lat' dir='ltr'><strong>constituta</strong></span> <span class='ocrx_word' id='word_1_109' title='bbox 771 1725 875 1795; x_wconf 88' lang='lat' dir='ltr'><strong>orant,</strong></span> <span class='ocrx_word' id='word_1_110' title='bbox 900 1737 961 1785; x_wconf 92' lang='lat' dir='ltr'><strong>nec</strong></span> <span class='ocrx_word' id='word_1_111' title='bbox 986 1720 1172 1801; x_wconf 85' lang='lat' dir='ltr'><strong>symbolum</strong></span> <span class='ocrx_word' id='word_1_112' title='bbox 1197 1737 1256 1784; x_wconf 91' lang='lat' dir='ltr'><strong>seu</strong></span> <span class='ocrx_word' id='word_1_113' title='bbox 1281 1719 1446 1785; x_wconf 85' lang='lat' dir='ltr'><strong>conlassio</strong></span> <span class='ocrx_word' id='word_1_114' title='bbox 1464 1722 1635 1803; x_wconf 87' lang='lat' dir='ltr'><strong>proposita</strong></span> <span class='ocrx_word' id='word_1_115' title='bbox 1654 1722 1696 1788; x_wconf 91' lang='lat' dir='ltr'><strong>ab</strong></span> <span class='ocrx_word' id='word_1_116' title='bbox 1715 1738 1789 1786; x_wconf 91' lang='lat' dir='ltr'><strong>om·</strong></span> 
     </span>
     <span class='ocr_line' id='line_1_13' title="bbox 370 1822 1789 1905; baseline 0.001 -17"><span class='ocrx_word' id='word_1_117' title='bbox 370 1824 466 1888; x_wconf 90' lang='lat' dir='ltr'><strong>nibus</strong></span> <span class='ocrx_word' id='word_1_118' title='bbox 492 1824 693 1905; x_wconf 88' lang='lat' dir='ltr'><strong>approbata,</strong></span> <span class='ocrx_word' id='word_1_119' title='bbox 721 1822 901 1888; x_wconf 87' lang='lat' dir='ltr'><strong>secundum</strong></span> <span class='ocrx_word' id='word_1_120' title='bbox 928 1840 1027 1905; x_wconf 88' lang='lat' dir='ltr'><strong>quam</strong></span> <span class='ocrx_word' id='word_1_121' title='bbox 1048 1822 1197 1888; x_wconf 87' lang='lat' dir='ltr'><strong>doctrina</strong></span> <span class='ocrx_word' id='word_1_122' title='bbox 1223 1827 1255 1887; x_wconf 88' lang='lat' dir='ltr'><strong>el</strong></span> <span class='ocrx_word' id='word_1_123' title='bbox 1280 1822 1482 1905; x_wconf 87' lang='lat' dir='ltr'><strong>praedicatio</strong></span> <span class='ocrx_word' id='word_1_124' title='bbox 1509 1824 1670 1904; x_wconf 76' lang='lat' dir='ltr'><strong>evangeiii</strong></span> <span class='ocrx_word' id='word_1_125' title='bbox 1696 1824 1789 1889; x_wconf 87' lang='lat' dir='ltr'><strong>iusti·</strong></span> 
     </span>
     <span class='ocr_line' id='line_1_14' title="bbox 369 1924 1790 2008; baseline -0.001 -17"><span class='ocrx_word' id='word_1_126' title='bbox 369 1931 517 1991; x_wconf 90' lang='lat' dir='ltr'><strong>tueretur</strong></span> <span class='ocrx_word' id='word_1_127' title='bbox 541 1930 640 2006; x_wconf 88' lang='lat' dir='ltr'><strong>atque</strong></span> <span class='ocrx_word' id='word_1_128' title='bbox 664 1942 795 1991; x_wconf 91' lang='lat' dir='ltr'><strong>errores</strong></span> <span class='ocrx_word' id='word_1_129' title='bbox 818 1925 1059 1991; x_wconf 88' lang='lat' dir='ltr'><strong>haereticorum</strong></span> <span class='ocrx_word' id='word_1_130' title='bbox 1085 1930 1362 2006; x_wconf 78' lang='lat' dir='ltr'><strong>cognoscerentur</strong></span> <span class='ocrx_word' id='word_1_131' title='bbox 1387 1929 1419 1990; x_wconf 88' lang='lat' dir='ltr'><strong>et</strong></span> <span class='ocrx_word' id='word_1_132' title='bbox 1439 1924 1704 2008; x_wconf 78' lang='lat' dir='ltr'><strong>dijudicarentur,</strong></span> <span class='ocrx_word' id='word_1_133' title='bbox 1730 1926 1790 1993; x_wconf 88' lang='lat' dir='ltr'><strong>sad</strong></span> 
     </span>
     <span class='ocr_line' id='line_1_15' title="bbox 369 2026 1788 2111; baseline 0.001 -19"><span class='ocrx_word' id='word_1_134' title='bbox 369 2028 595 2111; x_wconf 89' lang='lat' dir='ltr'><strong>superstitibus</strong></span> <span class='ocrx_word' id='word_1_135' title='bbox 629 2027 737 2093; x_wconf 92' lang='lat' dir='ltr'><strong>adbuc</strong></span> <span class='ocrx_word' id='word_1_136' title='bbox 763 2032 796 2093; x_wconf 88' lang='lat' dir='ltr'><strong>et</strong></span> <span class='ocrx_word' id='word_1_137' title='bbox 818 2029 1044 2110; x_wconf 88' lang='lat' dir='ltr'><strong>praesentibus</strong></span> <span class='ocrx_word' id='word_1_138' title='bbox 1070 2028 1245 2110; x_wconf 88' lang='lat' dir='ltr'><strong>apostolis,</strong></span> <span class='ocrx_word' id='word_1_139' title='bbox 1280 2028 1359 2093; x_wconf 82' lang='lat' dir='ltr'><strong>lesu</strong></span> <span class='ocrx_word' id='word_1_140' title='bbox 1384 2026 1502 2094; x_wconf 85' lang='lat' dir='ltr'><strong>Christi</strong></span> <span class='ocrx_word' id='word_1_141' title='bbox 1530 2029 1630 2110; x_wconf 89' lang='lat' dir='ltr'><strong>ipsius</strong></span> <span class='ocrx_word' id='word_1_142' title='bbox 1653 2029 1788 2095; x_wconf 89' lang='lat' dir='ltr'><strong>sinceris</strong></span> 
     </span>
     <span class='ocr_line' id='line_1_16' title="bbox 369 2131 1787 2214; baseline 0.001 -19"><span class='ocrx_word' id='word_1_143' title='bbox 369 2132 503 2196; x_wconf 89' lang='lat' dir='ltr'><strong>testibus</strong></span> <span class='ocrx_word' id='word_1_144' title='bbox 530 2132 642 2195; x_wconf 89' lang='lat' dir='ltr'><strong>omnia</strong></span> <span class='ocrx_word' id='word_1_145' title='bbox 667 2132 770 2196; x_wconf 90' lang='lat' dir='ltr'><strong>libere</strong></span> <span class='ocrx_word' id='word_1_146' title='bbox 796 2137 828 2195; x_wconf 86' lang='lat' dir='ltr'><strong>et</strong></span> <span class='ocrx_word' id='word_1_147' title='bbox 853 2136 888 2196; x_wconf 92' lang='lat' dir='ltr'><strong>ut</strong></span> <span class='ocrx_word' id='word_1_148' title='bbox 912 2147 1068 2214; x_wconf 87' lang='lat' dir='ltr'><strong>praesens</strong></span> <span class='ocrx_word' id='word_1_149' title='bbox 1096 2131 1271 2213; x_wconf 89' lang='lat' dir='ltr'><strong>postulavit</strong></span> <span class='ocrx_word' id='word_1_150' title='bbox 1296 2131 1471 2198; x_wconf 83' lang='lat' dir='ltr'><strong>necessitas</strong></span> <span class='ocrx_word' id='word_1_151' title='bbox 1506 2131 1703 2212; x_wconf 86' lang='lat' dir='ltr'><strong>agebantur,</strong></span> <span class='ocrx_word' id='word_1_152' title='bbox 1737 2137 1787 2196; x_wconf 92' lang='lat' dir='ltr'><strong>at·</strong></span> 
     </span>
     <span class='ocr_line' id='line_1_17' title="bbox 369 2232 1787 2317; baseline 0.001 -19"><span class='ocrx_word' id='word_1_153' title='bbox 369 2252 434 2317; x_wconf 86' lang='lat' dir='ltr'><strong>que</strong></span> <span class='ocrx_word' id='word_1_154' title='bbox 458 2235 487 2298; x_wconf 91' lang='lat' dir='ltr'><strong>si</strong></span> <span class='ocrx_word' id='word_1_155' title='bbox 509 2233 610 2299; x_wconf 90' lang='lat' dir='ltr'><strong>dubia</strong></span> <span class='ocrx_word' id='word_1_156' title='bbox 635 2235 810 2314; x_wconf 80' lang='lat' dir='ltr'><strong>nesciaque</strong></span> <span class='ocrx_word' id='word_1_157' title='bbox 837 2237 907 2299; x_wconf 85' lang='lat' dir='ltr'><strong>erat</strong></span> <span class='ocrx_word' id='word_1_158' title='bbox 932 2235 1044 2316; x_wconf 88' lang='lat' dir='ltr'><strong>aliqua</strong></span> <span class='ocrx_word' id='word_1_159' title='bbox 1065 2232 1220 2310; x_wconf 90' lang='lat' dir='ltr'><strong>ecclesia,</strong></span> <span class='ocrx_word' id='word_1_160' title='bbox 1254 2233 1424 2315; x_wconf 84' lang='lat' dir='ltr'><strong>quomodo</strong></span> <span class='ocrx_word' id='word_1_161' title='bbox 1452 2233 1574 2315; x_wconf 87' lang='lat' dir='ltr'><strong>aliquid</strong></span> <span class='ocrx_word' id='word_1_162' title='bbox 1601 2233 1787 2299; x_wconf 87' lang='lat' dir='ltr'><strong>laciendum</strong></span> 
     </span>
     <span class='ocr_line' id='line_1_18' title="bbox 369 2336 1789 2419; baseline 0.001 -19"><span class='ocrx_word' id='word_1_163' title='bbox 369 2340 472 2413; x_wconf 89' lang='lat' dir='ltr'><strong>esset,</strong></span> <span class='ocrx_word' id='word_1_164' title='bbox 506 2336 675 2419; x_wconf 89' lang='lat' dir='ltr'><strong>apostolos</strong></span> <span class='ocrx_word' id='word_1_165' title='bbox 708 2337 786 2403; x_wconf 88' lang='lat' dir='ltr'><strong>adiit</strong></span> <span class='ocrx_word' id='word_1_166' title='bbox 819 2341 851 2400; x_wconf 90' lang='lat' dir='ltr'><strong>el</strong></span> <span class='ocrx_word' id='word_1_167' title='bbox 885 2338 1065 2403; x_wconf 86' lang='lat' dir='ltr'><strong>secundum</strong></span> <span class='ocrx_word' id='word_1_168' title='bbox 1096 2353 1210 2401; x_wconf 90' lang='lat' dir='ltr'><strong>eorum</strong></span> <span class='ocrx_word' id='word_1_169' title='bbox 1245 2336 1417 2402; x_wconf 88' lang='lat' dir='ltr'><strong>consilium</strong></span> <span class='ocrx_word' id='word_1_170' title='bbox 1448 2342 1480 2401; x_wconf 90' lang='lat' dir='ltr'><strong>el</strong></span> <span class='ocrx_word' id='word_1_171' title='bbox 1503 2337 1697 2402; x_wconf 87' lang='lat' dir='ltr'><strong>sententiam</strong></span> <span class='ocrx_word' id='word_1_172' title='bbox 1718 2354 1789 2402; x_wconf 90' lang='lat' dir='ltr'><strong>rem</strong></span> 
     </span>
     <span class='ocr_line' id='line_1_19' title="bbox 368 2434 1788 2527; baseline 0.001 -24"><span class='ocrx_word' id='word_1_173' title='bbox 368 2439 493 2522; x_wconf 85' lang='lat' dir='ltr'><strong>peregit</strong></span> <span class='ocrx_word' id='word_1_174' title='bbox 515 2434 549 2525; x_wconf 89' lang='lat' dir='ltr'><strong>(l.</strong></span> <span class='ocrx_word' id='word_1_175' title='bbox 577 2438 653 2505; x_wconf 85' lang='lat' dir='ltr'><strong>Cor.</strong></span> <span class='ocrx_word' id='word_1_176' title='bbox 677 2440 724 2516; x_wconf 88' lang='lat' dir='ltr'><strong>V,</strong></span> <span class='ocrx_word' id='word_1_177' title='bbox 749 2444 819 2505; x_wconf 80' lang='lat' dir='ltr'><strong>act</strong></span> <span class='ocrx_word' id='word_1_178' title='bbox 843 2435 935 2527; x_wconf 61' lang='grc' dir='ltr'><strong>Π).</strong></span> <span class='ocrx_word' id='word_1_179' title='bbox 985 2440 1022 2504; x_wconf 95' lang='lat' dir='ltr'><strong>lu</strong></span> <span class='ocrx_word' id='word_1_180' title='bbox 1048 2440 1237 2505; x_wconf 89' lang='lat' dir='ltr'><strong>universum</strong></span> <span class='ocrx_word' id='word_1_181' title='bbox 1263 2439 1361 2519; x_wconf 83' lang='lat' dir='ltr'><strong>igitur</strong></span> <span class='ocrx_word' id='word_1_182' title='bbox 1384 2439 1498 2522; x_wconf 91' lang='lat' dir='ltr'><strong>procul</strong></span> <span class='ocrx_word' id='word_1_183' title='bbox 1522 2439 1624 2504; x_wconf 91' lang='lat' dir='ltr'><strong>dubio</strong></span> <span class='ocrx_word' id='word_1_184' title='bbox 1640 2444 1698 2517; x_wconf 86' lang='lat' dir='ltr'><strong>est,</strong></span> <span class='ocrx_word' id='word_1_185' title='bbox 1722 2456 1788 2521; x_wconf 88' lang='lat' dir='ltr'><strong>quo</strong></span> 
     </span>
     <span class='ocr_line' id='line_1_20' title="bbox 368 2541 1790 2626; baseline -0.001 -18"><span class='ocrx_word' id='word_1_186' title='bbox 368 2541 549 2624; x_wconf 84' lang='lat' dir='ltr'><strong>simplicior</strong></span> <span class='ocrx_word' id='word_1_187' title='bbox 569 2543 756 2608; x_wconf 87' lang='lat' dir='ltr'><strong>constitutio</strong></span> <span class='ocrx_word' id='word_1_188' title='bbox 782 2542 940 2607; x_wconf 85' lang='lat' dir='ltr'><strong>ecclesiae</strong></span> <span class='ocrx_word' id='word_1_189' title='bbox 962 2547 1129 2626; x_wconf 87' lang='lat' dir='ltr'><strong>appareat,</strong></span> <span class='ocrx_word' id='word_1_190' title='bbox 1155 2559 1196 2607; x_wconf 93' lang='lat' dir='ltr'><strong>eo</strong></span> <span class='ocrx_word' id='word_1_191' title='bbox 1219 2543 1379 2623; x_wconf 88' lang='lat' dir='ltr'><strong>aptiorem</strong></span> <span class='ocrx_word' id='word_1_192' title='bbox 1403 2559 1475 2607; x_wconf 89' lang='lat' dir='ltr'><strong>esse</strong></span> <span class='ocrx_word' id='word_1_193' title='bbox 1495 2542 1536 2607; x_wconf 86' lang='lat' dir='ltr'><strong>ad</strong></span> <span class='ocrx_word' id='word_1_194' title='bbox 1563 2560 1680 2608; x_wconf 86' lang='lat' dir='ltr'><strong>aevum</strong></span> <span class='ocrx_word' id='word_1_195' title='bbox 1706 2559 1790 2625; x_wconf 91' lang='lat' dir='ltr'><strong>apo·</strong></span> 
     </span>
     <span class='ocr_line' id='line_1_21' title="bbox 368 2645 1789 2728; baseline 0.001 -19"><span class='ocrx_word' id='word_1_196' title='bbox 368 2645 540 2723; x_wconf 88' lang='lat' dir='ltr'><strong>stolioum,</strong></span> <span class='ocrx_word' id='word_1_197' title='bbox 573 2650 605 2709; x_wconf 89' lang='lat' dir='ltr'><strong>el</strong></span> <span class='ocrx_word' id='word_1_198' title='bbox 637 2664 704 2728; x_wconf 85' lang='lat' dir='ltr'><strong>qno</strong></span> <span class='ocrx_word' id='word_1_199' title='bbox 737 2646 920 2710; x_wconf 89' lang='lat' dir='ltr'><strong>accuratius</strong></span> <span class='ocrx_word' id='word_1_200' title='bbox 955 2645 996 2710; x_wconf 89' lang='lat' dir='ltr'><strong>de</strong></span> <span class='ocrx_word' id='word_1_201' title='bbox 1029 2645 1165 2726; x_wconf 91' lang='lat' dir='ltr'><strong>singulis</strong></span> <span class='ocrx_word' id='word_1_202' title='bbox 1192 2645 1289 2710; x_wconf 91' lang='lat' dir='ltr'><strong>rebus</strong></span> <span class='ocrx_word' id='word_1_203' title='bbox 1320 2645 1390 2726; x_wconf 79' lang='lat' dir='ltr'><strong>lem</strong></span> <span class='ocrx_word' id='word_1_204' title='bbox 1417 2647 1627 2711; x_wconf 87' lang='lat' dir='ltr'><strong>constitutum</strong></span> <span class='ocrx_word' id='word_1_205' title='bbox 1653 2646 1712 2722; x_wconf 88' lang='lat' dir='ltr'><strong>sit,</strong></span> <span class='ocrx_word' id='word_1_206' title='bbox 1748 2663 1789 2711; x_wconf 91' lang='lat' dir='ltr'><strong>oo</strong></span> 
     </span>
     <span class='ocr_line' id='line_1_22' title="bbox 369 2747 1789 2831; baseline 0.001 -19"><span class='ocrx_word' id='word_1_207' title='bbox 369 2747 474 2830; x_wconf 86' lang='lat' dir='ltr'><strong>magis</strong></span> <span class='ocrx_word' id='word_1_208' title='bbox 500 2753 648 2831; x_wconf 89' lang='lat' dir='ltr'><strong>tempus,</strong></span> <span class='ocrx_word' id='word_1_209' title='bbox 683 2747 772 2830; x_wconf 86' lang='lat' dir='ltr'><strong>quod</strong></span> <span class='ocrx_word' id='word_1_210' title='bbox 797 2765 915 2813; x_wconf 85' lang='lat' dir='ltr'><strong>aevum</strong></span> <span class='ocrx_word' id='word_1_211' title='bbox 941 2749 1157 2831; x_wconf 87' lang='lat' dir='ltr'><strong>apostolicum</strong></span> <span class='ocrx_word' id='word_1_212' title='bbox 1184 2748 1365 2813; x_wconf 88' lang='lat' dir='ltr'><strong>insecutum</strong></span> <span class='ocrx_word' id='word_1_213' title='bbox 1392 2749 1449 2826; x_wconf 86' lang='lat' dir='ltr'><strong>sit,</strong></span> <span class='ocrx_word' id='word_1_214' title='bbox 1482 2748 1574 2814; x_wconf 90' lang='lat' dir='ltr'><strong>innui</strong></span> <span class='ocrx_word' id='word_1_215' title='bbox 1608 2753 1640 2814; x_wconf 88' lang='lat' dir='ltr'><strong>et</strong></span> <span class='ocrx_word' id='word_1_216' title='bbox 1665 2747 1789 2829; x_wconf 89' lang='lat' dir='ltr'><strong>signill-</strong></span> 
     </span>
     <span class='ocr_line' id='line_1_23' title="bbox 370 2850 1789 2935; baseline -0.001 -19"><span class='ocrx_word' id='word_1_217' title='bbox 370 2850 448 2917; x_wconf 89' lang='lat' dir='ltr'><strong>cari.</strong></span> <span class='ocrx_word' id='word_1_218' title='bbox 508 2851 703 2916; x_wconf 84' lang='lat' dir='ltr'><strong>Posterioris</strong></span> <span class='ocrx_word' id='word_1_219' title='bbox 729 2855 839 2917; x_wconf 88' lang='lat' dir='ltr'><strong>antem</strong></span> <span class='ocrx_word' id='word_1_220' title='bbox 874 2851 1031 2935; x_wconf 88' lang='lat' dir='ltr'><strong>temporis</strong></span> <span class='ocrx_word' id='word_1_221' title='bbox 1065 2855 1223 2934; x_wconf 86' lang='lat' dir='ltr'><strong>quantum</strong></span> <span class='ocrx_word' id='word_1_222' title='bbox 1257 2851 1377 2916; x_wconf 88' lang='lat' dir='ltr'><strong>scimus</strong></span> <span class='ocrx_word' id='word_1_223' title='bbox 1413 2851 1557 2916; x_wconf 87' lang='lat' dir='ltr'><strong>maxime</strong></span> <span class='ocrx_word' id='word_1_224' title='bbox 1590 2851 1672 2917; x_wconf 87' lang='lat' dir='ltr'><strong>baec</strong></span> <span class='ocrx_word' id='word_1_225' title='bbox 1704 2855 1789 2928; x_wconf 91' lang='lat' dir='ltr'><strong>sunt,</strong></span> 
     </span>
     <span class='ocr_line' id='line_1_24' title="bbox 370 2949 1789 3051; baseline 0 -32"><span class='ocrx_word' id='word_1_226' title='bbox 370 2949 544 3020; x_wconf 89' lang='lat' dir='ltr'><strong>discrimen</strong></span> <span class='ocrx_word' id='word_1_227' title='bbox 575 2954 661 3019; x_wconf 91' lang='lat' dir='ltr'><strong>inter</strong></span> <span class='ocrx_word' id='word_1_228' title='bbox 697 2956 887 3037; x_wconf 89' lang='lat' dir='ltr'><strong>episcopum</strong></span> <span class='ocrx_word' id='word_1_229' title='bbox 904 2960 954 3051; x_wconf 76' lang='lat' dir='ltr'><strong>¹el</strong></span> <span class='ocrx_word' id='word_1_230' title='bbox 988 2954 1195 3037; x_wconf 81' lang='lat' dir='ltr'><strong>presbyteros</strong></span> <span class='ocrx_word' id='word_1_231' title='bbox 1235 2953 1479 3037; x_wconf 89' lang='lat' dir='ltr'><strong>interpositum,</strong></span> <span class='ocrx_word' id='word_1_232' title='bbox 1515 2969 1581 3036; x_wconf 86' lang='lat' dir='ltr'><strong>quo</strong></span> <span class='ocrx_word' id='word_1_233' title='bbox 1617 2955 1789 3037; x_wconf 87' lang='lat' dir='ltr'><strong>episcopua</strong></span> 
     </span>
     <span class='ocr_line' id='line_1_25' title="bbox 370 3056 1790 3141; baseline -0.001 -18"><span class='ocrx_word' id='word_1_234' title='bbox 370 3056 464 3141; x_wconf 89' lang='lat' dir='ltr'><strong>quasi</strong></span> <span class='ocrx_word' id='word_1_235' title='bbox 488 3057 639 3140; x_wconf 91' lang='lat' dir='ltr'><strong>princeps</strong></span> <span class='ocrx_word' id='word_1_236' title='bbox 665 3059 930 3139; x_wconf 84' lang='lat' dir='ltr'><strong>prosbyterorum</strong></span> <span class='ocrx_word' id='word_1_237' title='bbox 956 3057 1076 3137; x_wconf 87' lang='lat' dir='ltr'><strong>evadit,</strong></span> <span class='ocrx_word' id='word_1_238' title='bbox 1099 3064 1168 3122; x_wconf 89' lang='lat' dir='ltr'><strong>tum</strong></span> <span class='ocrx_word' id='word_1_239' title='bbox 1194 3056 1367 3122; x_wconf 86' lang='lat' dir='ltr'><strong>discrimen</strong></span> <span class='ocrx_word' id='word_1_240' title='bbox 1393 3057 1472 3122; x_wconf 86' lang='lat' dir='ltr'><strong>cleri</strong></span> <span class='ocrx_word' id='word_1_241' title='bbox 1498 3057 1644 3122; x_wconf 86' lang='lat' dir='ltr'><strong>docentis</strong></span> <span class='ocrx_word' id='word_1_242' title='bbox 1671 3060 1702 3121; x_wconf 89' lang='lat' dir='ltr'><strong>et</strong></span> <span class='ocrx_word' id='word_1_243' title='bbox 1727 3056 1790 3122; x_wconf 89' lang='lat' dir='ltr'><strong>lal-</strong></span> 
     </span>
     <span class='ocr_line' id='line_1_26' title="bbox 367 3159 1789 3242; baseline -0.001 -17"><span class='ocrx_word' id='word_1_244' title='bbox 367 3176 485 3227; x_wconf 91' lang='lat' dir='ltr'><strong>oorum</strong></span> <span class='ocrx_word' id='word_1_245' title='bbox 508 3159 734 3225; x_wconf 87' lang='lat' dir='ltr'><strong>docendorum</strong></span> <span class='ocrx_word' id='word_1_246' title='bbox 761 3161 864 3242; x_wconf 89' lang='lat' dir='ltr'><strong>magis</strong></span> <span class='ocrx_word' id='word_1_247' title='bbox 889 3160 1060 3242; x_wconf 86' lang='lat' dir='ltr'><strong>magisque</strong></span> <span class='ocrx_word' id='word_1_248' title='bbox 1086 3165 1256 3238; x_wconf 86' lang='lat' dir='ltr'><strong>exortum,</strong></span> <span class='ocrx_word' id='word_1_249' title='bbox 1283 3177 1326 3224; x_wconf 85' lang='lat' dir='ltr'><strong>ex</strong></span> <span class='ocrx_word' id='word_1_250' title='bbox 1352 3177 1419 3240; x_wconf 86' lang='lat' dir='ltr'><strong>quo</strong></span> <span class='ocrx_word' id='word_1_251' title='bbox 1445 3160 1528 3225; x_wconf 92' lang='lat' dir='ltr'><strong>ordo</strong></span> <span class='ocrx_word' id='word_1_252' title='bbox 1552 3159 1789 3226; x_wconf 88' lang='lat' dir='ltr'><strong>ecclesiasticus</strong></span> 
     </span>
     <span class='ocr_line' id='line_1_27' title="bbox 369 3262 1788 3347; baseline -0.001 -18"><span class='ocrx_word' id='word_1_253' title='bbox 369 3263 488 3343; x_wconf 80' lang='lat' dir='ltr'><strong>aliquis</strong></span> <span class='ocrx_word' id='word_1_254' title='bbox 521 3263 627 3327; x_wconf 89' lang='lat' dir='ltr'><strong>lactus</strong></span> <span class='ocrx_word' id='word_1_255' title='bbox 652 3262 870 3346; x_wconf 86' lang='lat' dir='ltr'><strong>concionique</strong></span> <span class='ocrx_word' id='word_1_256' title='bbox 893 3264 1054 3330; x_wconf 89' lang='lat' dir='ltr'><strong>laicorum</strong></span> <span class='ocrx_word' id='word_1_257' title='bbox 1076 3263 1247 3347; x_wconf 89' lang='lat' dir='ltr'><strong>oppositus</strong></span> <span class='ocrx_word' id='word_1_258' title='bbox 1273 3263 1510 3345; x_wconf 86' lang='lat' dir='ltr'><strong>impositusque</strong></span> <span class='ocrx_word' id='word_1_259' title='bbox 1536 3263 1593 3340; x_wconf 89' lang='lat' dir='ltr'><strong>sit,</strong></span> <span class='ocrx_word' id='word_1_260' title='bbox 1636 3267 1733 3345; x_wconf 82' lang='lat' dir='ltr'><strong>atque</strong></span> <span class='ocrx_word' id='word_1_261' title='bbox 1769 3279 1788 3328; x_wconf 92' lang='lat' dir='ltr'><strong>a</strong></span> 
     </span>
     <span class='ocr_line' id='line_1_28' title="bbox 368 3364 1788 3450; baseline -0.001 -18"><span class='ocrx_word' id='word_1_262' title='bbox 368 3366 495 3432; x_wconf 89' lang='lat' dir='ltr'><strong>clericis</strong></span> <span class='ocrx_word' id='word_1_263' title='bbox 522 3366 685 3448; x_wconf 88' lang='lat' dir='ltr'><strong>postulata</strong></span> <span class='ocrx_word' id='word_1_264' title='bbox 710 3367 890 3449; x_wconf 90' lang='lat' dir='ltr'><strong>praecipua</strong></span> <span class='ocrx_word' id='word_1_265' title='bbox 913 3366 1076 3450; x_wconf 88' lang='lat' dir='ltr'><strong>quaedam</strong></span> <span class='ocrx_word' id='word_1_266' title='bbox 1102 3367 1267 3444; x_wconf 86' lang='lat' dir='ltr'><strong>sanctitas,</strong></span> <span class='ocrx_word' id='word_1_267' title='bbox 1293 3384 1325 3431; x_wconf 90' lang='lat' dir='ltr'><strong>v.</strong></span> <span class='ocrx_word' id='word_1_268' title='bbox 1345 3384 1374 3432; x_wconf 93' lang='lat' dir='ltr'><strong>o.</strong></span> <span class='ocrx_word' id='word_1_269' title='bbox 1400 3371 1435 3431; x_wconf 90' lang='lat' dir='ltr'><strong>ul</strong></span> <span class='ocrx_word' id='word_1_270' title='bbox 1460 3365 1647 3431; x_wconf 87' lang='lat' dir='ltr'><strong>asecundis</strong></span> <span class='ocrx_word' id='word_1_271' title='bbox 1669 3364 1788 3448; x_wconf 89' lang='lat' dir='ltr'><strong>nuptlls</strong></span> 
     </span>
     <span class='ocr_line' id='line_1_29' title="bbox 369 3468 1787 3550; baseline -0.002 -14"><span class='ocrx_word' id='word_1_272' title='bbox 369 3469 572 3545; x_wconf 87' lang='lat' dir='ltr'><strong>abstineant,</strong></span> <span class='ocrx_word' id='word_1_273' title='bbox 608 3468 726 3533; x_wconf 90' lang='lat' dir='ltr'><strong>deinde</strong></span> <span class='ocrx_word' id='word_1_274' title='bbox 761 3470 942 3535; x_wconf 84' lang='lat' dir='ltr'><strong>institutum</strong></span> <span class='ocrx_word' id='word_1_275' title='bbox 977 3468 1149 3535; x_wconf 89' lang='lat' dir='ltr'><strong>viduarum</strong></span> <span class='ocrx_word' id='word_1_276' title='bbox 1183 3468 1477 3535; x_wconf 88' lang='lat' dir='ltr'><strong>ecclesiasticarum</strong></span> <span class='ocrx_word' id='word_1_277' title='bbox 1513 3468 1545 3532; x_wconf 89' lang='lat' dir='ltr'><strong>b.</strong></span> <span class='ocrx_word' id='word_1_278' title='bbox 1569 3486 1598 3534; x_wconf 90' lang='lat' dir='ltr'><strong>e.</strong></span> <span class='ocrx_word' id='word_1_279' title='bbox 1625 3468 1787 3550; x_wconf 90' lang='lat' dir='ltr'><strong>virgiuum</strong></span> 
     </span>
     <span class='ocr_line' id='line_1_30' title="bbox 369 3570 1787 3656; baseline 0.001 -19"><span class='ocrx_word' id='word_1_280' title='bbox 369 3589 454 3653; x_wconf 86' lang='lat' dir='ltr'><strong>quae</strong></span> <span class='ocrx_word' id='word_1_281' title='bbox 492 3571 634 3638; x_wconf 89' lang='lat' dir='ltr'><strong>caelibes</strong></span> <span class='ocrx_word' id='word_1_282' title='bbox 673 3572 772 3637; x_wconf 92' lang='lat' dir='ltr'><strong>vitam</strong></span> <span class='ocrx_word' id='word_1_283' title='bbox 804 3571 953 3656; x_wconf 85' lang='lat' dir='ltr'><strong>degerint</strong></span> <span class='ocrx_word' id='word_1_284' title='bbox 981 3577 1014 3637; x_wconf 89' lang='lat' dir='ltr'><strong>et</strong></span> <span class='ocrx_word' id='word_1_285' title='bbox 1046 3572 1305 3638; x_wconf 87' lang='lat' dir='ltr'><strong>diaconissarum</strong></span> <span class='ocrx_word' id='word_1_286' title='bbox 1331 3577 1442 3653; x_wconf 88' lang='lat' dir='ltr'><strong>partes</strong></span> <span class='ocrx_word' id='word_1_287' title='bbox 1466 3570 1680 3654; x_wconf 83' lang='lat' dir='ltr'><strong>expleverint,</strong></span> <span class='ocrx_word' id='word_1_288' title='bbox 1709 3570 1787 3638; x_wconf 90' lang='lat' dir='ltr'><strong>dum</strong></span> 
     </span>
     <span class='ocr_line' id='line_1_31' title="bbox 368 3673 1788 3759; baseline -0.001 -19"><span class='ocrx_word' id='word_1_289' title='bbox 368 3678 466 3740; x_wconf 86' lang='lat' dir='ltr'><strong>antea</strong></span> <span class='ocrx_word' id='word_1_290' title='bbox 490 3675 634 3741; x_wconf 84' lang='lat' dir='ltr'><strong>feminae</strong></span> <span class='ocrx_word' id='word_1_291' title='bbox 660 3680 738 3740; x_wconf 89' lang='lat' dir='ltr'><strong>natu</strong></span> <span class='ocrx_word' id='word_1_292' title='bbox 764 3675 908 3759; x_wconf 72' lang='lat' dir='ltr'><strong>majores</strong></span> <span class='ocrx_word' id='word_1_293' title='bbox 934 3675 984 3740; x_wconf 90' lang='lat' dir='ltr'><strong>bis</strong></span> <span class='ocrx_word' id='word_1_294' title='bbox 1010 3674 1128 3741; x_wconf 83' lang='lat' dir='ltr'><strong>ciliciis</strong></span> <span class='ocrx_word' id='word_1_295' title='bbox 1154 3675 1285 3742; x_wconf 86' lang='lat' dir='ltr'><strong>iunctae</strong></span> <span class='ocrx_word' id='word_1_296' title='bbox 1311 3673 1394 3752; x_wconf 86' lang='lat' dir='ltr'><strong>sint,</strong></span> <span class='ocrx_word' id='word_1_297' title='bbox 1437 3674 1577 3755; x_wconf 89' lang='lat' dir='ltr'><strong>denique</strong></span> <span class='ocrx_word' id='word_1_298' title='bbox 1604 3675 1788 3740; x_wconf 88' lang='lat' dir='ltr'><strong>accuratior</strong></span> 
     </span>
     <span class='ocr_line' id='line_1_32' title="bbox 368 3776 1789 3861; baseline 0 -19"><span class='ocrx_word' id='word_1_299' title='bbox 368 3776 534 3844; x_wconf 85' lang='lat' dir='ltr'><strong>conlassio</strong></span> <span class='ocrx_word' id='word_1_300' title='bbox 568 3783 600 3842; x_wconf 89' lang='lat' dir='ltr'><strong>el</strong></span> <span class='ocrx_word' id='word_1_301' title='bbox 633 3778 781 3843; x_wconf 85' lang='lat' dir='ltr'><strong>severior</strong></span> <span class='ocrx_word' id='word_1_302' title='bbox 810 3777 980 3861; x_wconf 88' lang='lat' dir='ltr'><strong>disciplina</strong></span> <span class='ocrx_word' id='word_1_303' title='bbox 1014 3777 1055 3843; x_wconf 89' lang='lat' dir='ltr'><strong>ad</strong></span> <span class='ocrx_word' id='word_1_304' title='bbox 1089 3778 1241 3845; x_wconf 88' lang='lat' dir='ltr'><strong>baereses</strong></span> <span class='ocrx_word' id='word_1_305' title='bbox 1275 3781 1444 3842; x_wconf 86' lang='lat' dir='ltr'><strong>nascentes</strong></span> <span class='ocrx_word' id='word_1_306' title='bbox 1480 3776 1724 3858; x_wconf 85' lang='lat' dir='ltr'><strong>cognoscendas</strong></span> <span class='ocrx_word' id='word_1_307' title='bbox 1756 3782 1789 3842; x_wconf 89' lang='lat' dir='ltr'><strong>et</strong></span> 
     </span>
    </p>
   </div>
   <div class='ocr_carea' id='block_1_3' title="bbox 341 3872 1833 4256">
    <p class='ocr_par' dir='ltr' id='par_1_3' title="bbox 341 3872 1833 4256">
     <span class='ocr_line' id='line_1_33' title="bbox 366 3872 1833 3963; baseline 0.001 -18"><span class='ocrx_word' id='word_1_308' title='bbox 366 3880 561 3947; x_wconf 86' lang='lat' dir='ltr'><strong>christianos</strong></span> <span class='ocrx_word' id='word_1_309' title='bbox 587 3880 628 3947; x_wconf 88' lang='lat' dir='ltr'><strong>ab</strong></span> <span class='ocrx_word' id='word_1_310' title='bbox 657 3881 784 3947; x_wconf 84' lang='lat' dir='ltr'><strong>delectu</strong></span> <span class='ocrx_word' id='word_1_311' title='bbox 811 3881 970 3946; x_wconf 86' lang='lat' dir='ltr'><strong>eeclesiae</strong></span> <span class='ocrx_word' id='word_1_312' title='bbox 996 3881 1147 3962; x_wconf 84' lang='lat' dir='ltr'><strong>vitiisque</strong></span> <span class='ocrx_word' id='word_1_313' title='bbox 1173 3878 1345 3945; x_wconf 87' lang='lat' dir='ltr'><strong>arcendos.</strong></span> <span class='ocrx_word' id='word_1_314' title='bbox 1414 3879 1471 3944; x_wconf 92' lang='lat' dir='ltr'><strong>llls</strong></span> <span class='ocrx_word' id='word_1_315' title='bbox 1504 3881 1659 3963; x_wconf 77' lang='lat' dir='ltr'><strong>expositis</strong></span> <span class='ocrx_word' id='word_1_316' title='bbox 1685 3895 1789 3963; x_wconf 85' lang='lat' dir='ltr'><strong>quae·</strong></span> <span class='ocrx_word' id='word_1_317' title='bbox 1831 3872 1833 3876; x_wconf 73' lang='grc'><strong>’</strong></span> 
     </span>
     <span class='ocr_line' id='line_1_34' title="bbox 367 3980 1788 4066; baseline 0.001 -18"><span class='ocrx_word' id='word_1_318' title='bbox 367 4000 487 4063; x_wconf 89' lang='lat' dir='ltr'><strong>remus,</strong></span> <span class='ocrx_word' id='word_1_319' title='bbox 513 3989 622 4049; x_wconf 87' lang='lat' dir='ltr'><strong>ulrum</strong></span> <span class='ocrx_word' id='word_1_320' title='bbox 648 3985 837 4050; x_wconf 88' lang='lat' dir='ltr'><strong>constitutio</strong></span> <span class='ocrx_word' id='word_1_321' title='bbox 861 3990 893 4050; x_wconf 92' lang='lat' dir='ltr'><strong>et</strong></span> <span class='ocrx_word' id='word_1_322' title='bbox 919 3982 1065 4049; x_wconf 88' lang='lat' dir='ltr'><strong>instituta</strong></span> <span class='ocrx_word' id='word_1_323' title='bbox 1090 3984 1259 4059; x_wconf 87' lang='lat' dir='ltr'><strong>ecclesiae,</strong></span> <span class='ocrx_word' id='word_1_324' title='bbox 1286 3980 1397 4064; x_wconf 86' lang='lat' dir='ltr'><strong>qualia</strong></span> <span class='ocrx_word' id='word_1_325' title='bbox 1419 3983 1540 4048; x_wconf 86' lang='lat' dir='ltr'><strong>nostris</strong></span> <span class='ocrx_word' id='word_1_326' title='bbox 1566 3983 1710 4066; x_wconf 85' lang='lat' dir='ltr'><strong>epistolis</strong></span> <span class='ocrx_word' id='word_1_327' title='bbox 1729 3980 1788 4050; x_wconf 87' lang='lat' dir='ltr'><strong>da·</strong></span> 
     </span>
     <span class='ocr_line' id='line_1_35' title="bbox 365 4084 1787 4171; baseline 0.001 -21"><span class='ocrx_word' id='word_1_328' title='bbox 365 4085 550 4153; x_wconf 89' lang='lat' dir='ltr'><strong>scribantur</strong></span> <span class='ocrx_word' id='word_1_329' title='bbox 567 4087 610 4154; x_wconf 89' lang='lat' dir='ltr'><strong>ad</strong></span> <span class='ocrx_word' id='word_1_330' title='bbox 636 4106 753 4154; x_wconf 89' lang='lat' dir='ltr'><strong>aevum</strong></span> <span class='ocrx_word' id='word_1_331' title='bbox 780 4086 1019 4171; x_wconf 85' lang='lat' dir='ltr'><strong>apostolicum,</strong></span> <span class='ocrx_word' id='word_1_332' title='bbox 1053 4105 1095 4151; x_wconf 92' lang='lat' dir='ltr'><strong>an</strong></span> <span class='ocrx_word' id='word_1_333' title='bbox 1129 4085 1171 4152; x_wconf 93' lang='lat' dir='ltr'><strong>ad</strong></span> <span class='ocrx_word' id='word_1_334' title='bbox 1203 4091 1330 4169; x_wconf 91' lang='lat' dir='ltr'><strong>tempus</strong></span> <span class='ocrx_word' id='word_1_335' title='bbox 1357 4086 1519 4167; x_wconf 86' lang='lat' dir='ltr'><strong>posterlus</strong></span> <span class='ocrx_word' id='word_1_336' title='bbox 1546 4090 1620 4168; x_wconf 86' lang='lat' dir='ltr'><strong>apta</strong></span> <span class='ocrx_word' id='word_1_337' title='bbox 1643 4090 1674 4152; x_wconf 90' lang='lat' dir='ltr'><strong>ot</strong></span> <span class='ocrx_word' id='word_1_338' title='bbox 1701 4084 1787 4152; x_wconf 86' lang='lat' dir='ltr'><strong>rala-</strong></span> 
     </span>
     <span class='ocr_line' id='line_1_36' title="bbox 341 4187 566 4256; baseline 0.022 -5"><span class='ocrx_word' id='word_1_339' title='bbox 341 4187 469 4252; x_wconf 58' lang='lat' dir='ltr'><strong>*renda</strong></span> <span class='ocrx_word' id='word_1_340' title='bbox 491 4190 566 4256; x_wconf 85' lang='lat' dir='ltr'><strong>sint</strong></span> 
     </span>
    </p>
   </div>
   <div class='ocr_carea' id='block_1_4' title="bbox 777 4341 1374 4431">
    <p class='ocr_par' dir='ltr' id='par_1_4' title="bbox 777 4341 1374 4431">
     <span class='ocr_line' id='line_1_37' title="bbox 777 4341 1374 4431; baseline -0.005 -10"><span class='ocrx_word' id='word_1_341' title='bbox 777 4364 805 4431; x_wconf 77' lang='grc' dir='ltr'><strong>ς.</strong></span> <span class='ocrx_word' id='word_1_342' title='bbox 829 4358 859 4423; x_wconf 82' lang='grc'><strong>2.</strong></span> <span class='ocrx_word' id='word_1_343' title='bbox 902 4358 950 4421; x_wconf 86' lang='lat' dir='ltr'><strong>De</strong></span> <span class='ocrx_word' id='word_1_344' title='bbox 973 4341 1192 4422; x_wconf 85' lang='lat' dir='ltr'><strong>constitutione</strong></span> <span class='ocrx_word' id='word_1_345' title='bbox 1214 4355 1374 4421; x_wconf 87' lang='lat' dir='ltr'><strong>ecclesiae.</strong></span> 
     </span>
    </p>
   </div>
   <div class='ocr_carea' id='block_1_5' title="bbox 366 4498 1788 4799">
    <p class='ocr_par' dir='ltr' id='par_1_5' title="bbox 366 4498 1788 4799">
     <span class='ocr_line' id='line_1_38' title="bbox 478 4498 1788 4580; baseline -0.001 -12"><span class='ocrx_word' id='word_1_346' title='bbox 478 4498 760 4571; x_wconf 88' lang='lat' dir='ltr'><strong>Scbleiermacber</strong></span> <span class='ocrx_word' id='word_1_347' title='bbox 791 4504 833 4570; x_wconf 91' lang='lat' dir='ltr'><strong>de</strong></span> <span class='ocrx_word' id='word_1_348' title='bbox 866 4505 1098 4572; x_wconf 85' lang='lat' dir='ltr'><strong>constitutione</strong></span> <span class='ocrx_word' id='word_1_349' title='bbox 1125 4505 1282 4571; x_wconf 88' lang='lat' dir='ltr'><strong>ecclesiae</strong></span> <span class='ocrx_word' id='word_1_350' title='bbox 1319 4503 1352 4571; x_wconf 93' lang='lat' dir='ltr'><strong>in</strong></span> <span class='ocrx_word' id='word_1_351' title='bbox 1386 4501 1575 4569; x_wconf 89' lang='lat' dir='ltr'><strong>universum</strong></span> <span class='ocrx_word' id='word_1_352' title='bbox 1599 4500 1678 4568; x_wconf 90' lang='lat' dir='ltr'><strong>nlbll</strong></span> <span class='ocrx_word' id='word_1_353' title='bbox 1701 4499 1788 4580; x_wconf 89' lang='lat' dir='ltr'><strong>dloll,</strong></span> 
     </span>
     <span class='ocr_line' id='line_1_39' title="bbox 368 4600 1787 4691; baseline -0.001 -22"><span class='ocrx_word' id='word_1_354' title='bbox 368 4608 400 4669; x_wconf 86' lang='lat' dir='ltr'><strong>et</strong></span> <span class='ocrx_word' id='word_1_355' title='bbox 425 4600 539 4671; x_wconf 89' lang='lat' dir='ltr'><strong>Scbott</strong></span> <span class='ocrx_word' id='word_1_356' title='bbox 558 4604 639 4671; x_wconf 87' lang='lat' dir='ltr'><strong>nibil</strong></span> <span class='ocrx_word' id='word_1_357' title='bbox 659 4608 692 4672; x_wconf 92' lang='lat' dir='ltr'><strong>in</strong></span> <span class='ocrx_word' id='word_1_358' title='bbox 719 4608 864 4690; x_wconf 85' lang='lat' dir='ltr'><strong>epistolis</strong></span> <span class='ocrx_word' id='word_1_359' title='bbox 890 4609 998 4674; x_wconf 89' lang='lat' dir='ltr'><strong>inesse</strong></span> <span class='ocrx_word' id='word_1_360' title='bbox 1020 4614 1141 4686; x_wconf 70' lang='lat' dir='ltr'><strong>cenam,</strong></span> <span class='ocrx_word' id='word_1_361' title='bbox 1167 4607 1256 4691; x_wconf 85' lang='lat' dir='ltr'><strong>quod</strong></span> <span class='ocrx_word' id='word_1_362' title='bbox 1282 4605 1551 4674; x_wconf 85' lang='lat' dir='ltr'><strong>aconstitutlone</strong></span> <span class='ocrx_word' id='word_1_363' title='bbox 1573 4605 1677 4687; x_wconf 84' lang='lat' dir='ltr'><strong>qualis</strong></span> <span class='ocrx_word' id='word_1_364' title='bbox 1695 4602 1787 4670; x_wconf 78' lang='lat' dir='ltr'><strong>Pauli</strong></span> 
     </span>
     <span class='ocr_line' id='line_1_40' title="bbox 366 4706 1786 4799; baseline 0.001 -27"><span class='ocrx_word' id='word_1_365' title='bbox 366 4714 515 4799; x_wconf 87' lang='lat' dir='ltr'><strong>tempore</strong></span> <span class='ocrx_word' id='word_1_366' title='bbox 540 4707 651 4786; x_wconf 82' lang='lat' dir='ltr'><strong>tuerit,</strong></span> <span class='ocrx_word' id='word_1_367' title='bbox 675 4709 872 4789; x_wconf 59' lang='lat' dir='ltr'><strong>abhorream</strong></span> <span class='ocrx_word' id='word_1_368' title='bbox 904 4717 1020 4780; x_wconf 83' lang='lat' dir='ltr'><strong>contra</strong></span> <span class='ocrx_word' id='word_1_369' title='bbox 1041 4710 1208 4779; x_wconf 88' lang='lat' dir='ltr'><strong>Eicbborn</strong></span> <span class='ocrx_word' id='word_1_370' title='bbox 1235 4716 1267 4777; x_wconf 89' lang='lat' dir='ltr'><strong>et</strong></span> <span class='ocrx_word' id='word_1_371' title='bbox 1293 4709 1381 4778; x_wconf 85' lang='lat' dir='ltr'><strong>llaur</strong></span> <span class='ocrx_word' id='word_1_372' title='bbox 1406 4709 1576 4777; x_wconf 87' lang='lat' dir='ltr'><strong>cultiorem</strong></span> <span class='ocrx_word' id='word_1_373' title='bbox 1604 4712 1636 4775; x_wconf 88' lang='lat' dir='ltr'><strong>at</strong></span> <span class='ocrx_word' id='word_1_374' title='bbox 1659 4706 1786 4788; x_wconf 65' lang='lat' dir='ltr'><strong>longus</strong></span> 
     </span>
    </p>
   </div>
   <div class='ocr_carea' id='block_1_6' title="bbox 0 0 2180 5586">
    <p class='ocr_par' dir='ltr' id='par_1_6' title="bbox 0 0 2180 5586">
     <span class='ocr_line' id='line_1_41' title="bbox 0 0 2180 5586; baseline 0 1"><span class='ocrx_word' id='word_1_375' title='bbox 0 0 2180 5586; x_wconf 95' lang='lat' dir='ltr'><strong> </strong></span> 
     </span>
    </p>
   </div>
  </div>
 </body>
</html>
