4350 5586
1056 513 1096 577 35

370 710 443 758 rum
480 691 646 759 erroribus
682 689 840 772 vanisque
876 690 1121 770 quaestiouibus
1149 699 1180 756 ct
1200 691 1461 759 ¹dubitationibus
1486 692 1585 758 fidem
1607 709 1702 759 suam
1729 694 1788 758 de-

369 795 482 861 laudat
506 801 538 860 et
563 799 744 860 conservet.
796 793 937 859 Necesse
959 794 1047 857 enim
1073 811 1156 869 esse,
1180 797 1319 861 ecclesia
1346 813 1445 876 quum
1471 800 1647 877 augeatur,
1680 798 1788 863 malos

371 916 503 981 quoque
527 903 559 962 et
582 912 756 979 perversos
777 895 927 961 homines
955 896 987 959 in
1011 915 1046 961 se
1070 898 1242 978 suscipiat,
1281 914 1420 979 quorum
1452 900 1647 981 perversitas
1676 899 1788 965 tuturo

369 1010 518 1084 tempore
553 1001 650 1065 etiam
683 997 788 1078 magis
824 1000 1001 1074 increscat,
1035 998 1094 1065 sed
1119 1006 1250 1065 strenue
1276 1018 1349 1065 sam
1377 1018 1449 1065 esse
1475 1001 1729 1084 oppugnandam
1756 1010 1789 1067 et

369 1101 612 1188 reprimendum
647 1119 710 1166 nec
737 1101 895 1183 impetum
930 1118 1047 1167 eurum
1081 1101 1260 1167 timendum
1297 1109 1328 1167 et
1354 1103 1544 1185 fugiendum
1571 1120 1654 1168 esse.
1716 1106 1788 1169 lloc

369 1207 471 1273 modo
497 1206 554 1270 uhi
580 1205 707 1270 monuit
732 1208 765 1268 et
791 1204 996 1270 confirmavit
1021 1205 1240 1284 Timotheum,
1265 1210 1302 1269 ut
1326 1206 1368 1271 ad
1392 1223 1430 1270 se
1456 1208 1581 1272 veniret
1606 1212 1679 1271 orat
1699 1209 1788 1273 Pau·

368 1311 430 1387 lus,
456 1308 511 1391 qui
537 1324 606 1373 nou
631 1307 739 1373 solum
765 1306 891 1373 hortari
917 1306 1132 1389 discipulum,
1164 1308 1223 1373 sed
1257 1308 1355 1372 etiam
1383 1307 1485 1375 adse
1511 1326 1633 1375 vocare
1661 1310 1787 1392 eteius

368 1413 525 1477 societate
557 1411 621 1476 frui
657 1409 770 1475 voluit
805 1444 855 1456 -
888 1407 923 1474 Si
949 1410 994 1476 ita
1021 1410 1193 1493 epistolam
1221 1411 1500 1487 consideraveris,
1535 1429 1788 1494 nequaquama

309 1513 313 1520 ’
369 1516 509 1581 consilio
543 1514 714 1579 aberrasse
748 1529 822 1576 cam
855 1515 888 1575 et
919 1512 1026 1578 aliena
1060 1515 1209 1579 retulisse
1232 1515 1341 1591 dices,
1378 1514 1436 1580 sed
1460 1515 1584 1596 optime
1604 1516 1788 1582 consentire

370 1637 446 1684 cum
471 1617 563 1682 Pauli
588 1615 700 1681 indole
727 1615 892 1694 animique
919 1614 1158 1696 allectionibus,
1184 1618 1301 1699 quibus
1324 1622 1402 1682 tunc
1428 1618 1686 1683 commovendus
1705 1618 1786 1695 tuit;

371 1722 453 1786 lalsa
477 1719 576 1801 igitur
602 1722 634 1784 et
660 1718 804 1801 permira
830 1715 1021 1784 Eichhornii
1046 1722 1206 1785 sententia
1229 1725 1296 1798 est,
1331 1720 1387 1802 qui
1416 1720 1587 1802 epistolam
1613 1726 1680 1787 tam
1706 1721 1788 1788 tide·

370 1827 434 1888 lem
460 1821 554 1888 Pauli
580 1821 732 1887 morituri
756 1819 933 1901 imaginem
960 1826 1027 1888 tam
1050 1823 1156 1889 otiose
1187 1824 1359 1888 confictam
1392 1840 1465 1887 csse
1497 1830 1605 1905 putat,
1642 1823 1725 1889 lalsa
1756 1827 1788 1889 et

370 1925 527 1993 Credueri
554 1929 588 1988 ct
601 1922 806 1990 Neudeclreri
833 1925 1001 1991 accusatio
1029 1929 1089 2001 est,
1114 1926 1201 1992 male
1228 1926 1400 2008 epistolam
1422 1926 1562 1990 consilio
1587 1926 1788 2008 respondere

369 2035 402 2094 et
424 2027 595 2112 proposita
620 2026 790 2109 persequi,
823 2043 938 2118 verum
964 2029 1020 2094 illa
1043 2029 1250 2110 praeclarum
1272 2036 1321 2093 est
1347 2029 1568 2094 testimoninm
1592 2032 1625 2093 et
1645 2046 1786 2111 magnae

261 2167 264 2171 ·
369 2131 586 2214 tortitudinis,
626 2135 658 2194 ct
679 2129 796 2194 sinceri
819 2131 941 2194 amoris
968 2149 1046 2211 erga
1071 2132 1267 2198 familiarem
1292 2131 1516 2210 Timotheum,
1542 2137 1574 2197 et
1599 2134 1718 2197 summi
1744 2134 1786 2199 ad

369 2236 576 2317 evangelium
598 2232 854 2315 praedicandum
878 2233 977 2299 studii
998 2239 1029 2298 et
1055 2235 1206 2313 ardoris,
1241 2235 1329 2317 quod
1353 2235 1473 2301 Paulus
1500 2234 1620 2300 ultimis
1647 2236 1786 2301 tortasse

370 2340 459 2404 vitae
482 2337 596 2404 diebus
621 2336 717 2401 uobis
742 2335 882 2417 reliquit.

566 2540 595 2608 ς.
619 2531 649 2598 3.
695 2531 859 2598 conamina
882 2533 1028 2615 epistolae
1050 2533 1089 2596 ad
1110 2533 1206 2597 Titum
1230 2534 1357 2616 originis
1380 2533 1587 2615 explicandae.

488 2652 520 2722 l.
571 2654 757 2734 Eichhom,
794 2660 941 2721 nostram
976 2656 1148 2737 epistolam
1183 2673 1257 2721 eum
1290 2656 1324 2719 in
1348 2656 1447 2720 finem
1473 2653 1689 2737 compositam
1712 2671 1784 2719 esse

367 2759 552 2836 contendit,
574 2763 610 2824 ut
635 2758 728 2823 Pauli
750 2758 954 2835 doctrinam,
974 2759 1014 2825 de
1036 2759 1194 2824 ecclesiae
1215 2757 1464 2837 constitutione,
1493 2775 1578 2839 quae
1602 2758 1785 2824 minorihus
1828 2751 1835 2764 ”

368 2868 400 2930 et
423 2861 564 2945 simplici
590 2861 821 2927 constitutione
846 2861 1010 2928 utentibus
1032 2861 1179 2928 ecclesiis
1204 2861 1325 2928 idonea
1354 2865 1448 2938 esset,
1473 2861 1642 2943 colligeret
1665 2867 1698 2926 et
1724 2879 1785 2925 ex-

367 2971 515 3052 poneret
577 2963 684 3046 Loqui
717 2965 815 3045 igitur
846 2965 1040 3049 scriptorem
1071 2966 1112 3031 de
1137 2965 1335 3047 preshyteris
1362 2967 1395 3027 ct
1420 2963 1491 3028 aliis
1518 2961 1710 3030 Christianis
1729 2979 1785 3027 se·

368 3068 511 3136 cundum
535 3072 675 3133 aetatem
701 3073 733 3132 et
758 3066 909 3133 ordinem
935 3067 978 3135 ad
1002 3085 1084 3149 quos
1105 3068 1299 3151 pertineant,
1320 3072 1391 3132 tum
1412 3066 1453 3132 de
1474 3068 1596 3147 servis,
1622 3065 1672 3130 de
1688 3081 1785 3148 pere·

368 3172 470 3256 priuis
497 3176 529 3234 et
558 3170 599 3234 de
623 3164 866 3251 magistratibus
893 3171 1034 3254 denique
1056 3172 1097 3237 dc
1122 3171 1195 3235 Tito
1218 3176 1250 3236 et
1276 3170 1316 3235 de
1339 3170 1512 3236 haereticis
1540 3175 1571 3234 et
1598 3170 1784 3234 describere

367 3275 488 3351 officia,
513 3289 598 3355 quae
624 3273 800 3354 unicuique
826 3274 979 3357 imposita
1004 3276 1078 3352 sint,
1103 3272 1220 3338 additis
1243 3272 1435 3349 rationibus,
1460 3273 1583 3337 curiis
1608 3272 1699 3354 iungi
1723 3271 1784 3336 de-
1868 3273 1870 3277 ’

367 3380 475 3444 heaut
527 3374 685 3441 Concedit
706 3377 901 3459 scriptorem
926 3378 1049 3459 optime
1073 3377 1234 3442 imitatum
1259 3392 1331 3442 esse
1357 3381 1390 3440 et
1415 3374 1596 3440 doctrinam
1623 3380 1655 3440 et
1681 3391 1784 3456 genus

367 3479 497 3546 dicendi
518 3479 708 3561 paulinum,
734 3481 883 3560 quamvis
907 3481 1065 3547 nonnulla
1085 3479 1175 3545 haud
1197 3485 1273 3563 apta
1297 3479 1448 3545 immixta
1472 3479 1556 3556 sint,
1590 3481 1626 3542 ut
1646 3479 1784 3543 verbum

252 3660 254 3669 ἱ
368 3578 476 3657 ἔλεος
495 3582 528 3647 in
554 3582 659 3648 salute
680 3583 864 3664 apostolica
887 3587 920 3649 et
940 3583 1043 3649 Tenes
1070 3586 1102 3647 et
1123 3588 1283 3662 Artemas,
1306 3583 1362 3664 qui
1387 3599 1522 3664 prorsus
1545 3581 1649 3662 ignoti
1676 3582 1784 3646 strix

369 3686 462 3753 Pauli
485 3685 567 3750 socii
592 3683 728 3768 putandi
751 3686 827 3751 sint.
966 3696 967 3700 ’

480 3780 516 3853 2.
566 3787 616 3853 lle
642 3789 751 3853 Wetla
779 3794 812 3854 et
836 3787 926 3852 Baur
951 3786 995 3852 nit
1017 3786 1176 3869 objiciunt
1201 3788 1262 3853 nisi
1287 3787 1398 3852 locum
1420 3787 1454 3866 1,
1486 3776 1554 3862 12,
1581 3783 1636 3848 uhi
1660 3781 1783 3848 Paulus
1832 3854 1834 3857 ,

366 3889 593 3973 Epimenidem
625 3890 821 3974 prophetam
856 3889 1075 3956 nominaverit
1099 3896 1132 3956 et
1156 3888 1197 3954 de
1222 3889 1430 3957 Cretensibus
1456 3903 1608 3954 severum
1634 3903 1783 3967 pronun-

368 3994 462 4060 ciarit
490 3998 523 4059 et
552 3994 699 4075 iniquum
729 3993 907 4076 iudicium,
942 4011 1042 4075 quum
1070 4009 1202 4058 versum
1232 3992 1433 4074 Epimenidis
1466 3992 1581 4057 alterat
1615 3994 1648 4053 et
1667 4004 1782 4055 rerum

368 4113 441 4162 esse
466 4093 546 4160 illud
579 4095 715 4162 allatum
746 4097 911 4172 affirmat3
947 4097 1013 4162 hoc
1037 4113 1117 4161 vcro
1144 4112 1289 4179 pugnare
1317 4097 1434 4179 parlim
1460 4113 1535 4159 cum
1560 4109 1654 4157 more
1678 4092 1782 4168 Pauli,

368 4215 435 4281 quo
461 4201 571 4262 utatur
595 4200 699 4266 verbo
714 4186 918 4296 προφήτης,
943 4199 1062 4281 partim
1077 4215 1151 4264 cum
1169 4200 1343 4281 prudentia
1361 4206 1393 4263 et
1410 4197 1579 4279 sapientia,
1602 4211 1687 4276 quae
1706 4211 1781 4260 eum

367 4300 545 4384 prohibere
579 4300 746 4381 debuerit,
780 4302 965 4386 quominus·
986 4307 1055 4367 hm
1077 4319 1228 4368 severam
1256 4301 1298 4366 de
1323 4299 1532 4367 Cretensibus
1557 4299 1588 4364 ci
1614 4297 1668 4361 rix
1695 4298 1780 4363 notis

367 4402 563 4471 sententiam
587 4406 708 4471 tulerit.
1087 4432 1090 4439 ·
1554 4458 1557 4463 .
1768 4425 1769 4428 ¹

480 4496 515 4573 3.
566 4504 712 4573 Credner
736 4506 771 4570 iu
796 4505 935 4588 epistola
959 4511 1086 4571 tautum
1107 4505 1315 4588 prooemium
1341 4507 1520 4589 vituperat,
1551 4520 1651 4585 quum
1683 4501 1781 4567 lami-

365 4609 439 4675 liari
465 4608 634 4692 epistolae,
659 4608 764 4692 qualis
790 4612 902 4674 nostra
927 4609 979 4689 sit,
1004 4627 1072 4675 non
1095 4609 1137 4674 sit
1160 4608 1327 4688 idoneum,
1352 4608 1409 4674 sed
1435 4611 1551 4691 postea
1576 4605 1780 4692 additamen-

366 4714 407 4778 tis
440 4718 591 4792 auctum,
626 4716 661 4777 ut
690 4711 830 4796 epistola
854 4727 922 4776 uon
949 4718 1016 4778 tam
1042 4712 1212 4778 familiaris
1241 4730 1338 4797 quam
1366 4713 1407 4779 ad
1432 4712 1540 4777 Titum
1565 4708 1725 4775 mandatis
1747 4712 1780 4772 et

1454 4844 1498 4906 50
