4350 5586
1072 500 1113 562 45

390 679 553 762 stipendio
575 692 762 743 sermonem
783 693 855 741 esse
881 675 1057 749 contendo,
1079 678 1158 759 quia
1185 677 1281 754 dicta,
1307 695 1392 759 quae
1417 682 1459 745 ad
1486 687 1748 753 confirmandam
1764 691 1812 755 le-

391 800 466 863 gem
493 783 675 861 allegantur
698 785 810 862 aperte
838 780 1021 860 praemium
1042 797 1110 843 non
1127 782 1256 847 bonore
1274 780 1331 844 scd
1352 785 1491 864 pecunia
1509 790 1704 855 solvendum
1718 810 1814 856 com·

392 889 587 950 monstrant.
649 883 770 964 Negari
803 883 902 963 igitur
925 900 992 947 non
1018 887 1136 964 potest,
1161 886 1195 948 in
1219 884 1243 947 l.
1271 884 1353 949 Tim.
1380 887 1518 954 inveniri
1542 893 1653 974 aliqua
1678 896 1813 959 serioris

389 989 547 1069 temporis
582 987 695 1067 signa,
729 1003 831 1069 quum
858 985 899 1049 de
931 1002 1068 1050 munere
1095 987 1362 1068 presbyterorum
1391 990 1563 1072 loquatur,
1597 1013 1682 1078 qnae
1717 999 1812 1078 signa

389 1093 488 1157 etiam
514 1091 663 1173 sequenti
689 1088 916 1171 disquisitione
942 1090 1160 1169 augebuntur,
1186 1089 1266 1155 dnm
1287 1096 1416 1157 ceterae
1442 1096 1602 1178 epistolae
1627 1102 1811 1182 pastorales

387 1196 501 1261 talium
524 1195 694 1276 signorum
720 1199 931 1275 expectasse
958 1193 1127 1274 praebent

848 1431 875 1485 b.
919 1429 959 1486 lle
982 1429 1106 1487 diaconis
1129 1437 1156 1487 el
1178 1429 1370 1487 diaconissis<

501 1607 536 1671 ln
570 1605 789 1671 diaconorum
811 1607 1031 1689 descriptione
1056 1625 1140 1674 nnus
1167 1614 1293 1674 tantum
1319 1608 1410 1672 locus
1441 1608 1464 1673 l.
1489 1608 1572 1674 Tim.
1594 1611 1648 1686 lll‚
1678 1602 1723 1677 13
1748 1611 1809 1677 du·

386 1707 552 1775 bitationis
578 1727 694 1775 ansam
719 1708 1022 1776 Schleiermacbero
1044 1716 1076 1775 et
1100 1712 1222 1777 Banrio
1241 1710 1340 1789 dedit,
1363 1728 1464 1792 quum
1490 1711 1535 1775 ibi
1562 1714 1705 1794 legatur:
1730 1705 1809 1796 βα.

386 1798 491 1898 θμόε
524 1804 670 1885 ἑαυτοῖς
701 1802 826 1884 καλδν
861 1811 1160 1909 περιποιοῦνται,
1191 1815 1280 1896 quod
1315 1813 1447 1896 quidem
1483 1815 1600 1880 referri
1633 1821 1741 1897 potest
1765 1818 1807 1882 ad

385 1913 523 1994 gradum
550 1916 802 1995 magistratuum
830 1918 1129 1982 ecclesiasticorum
1164 1924 1197 1981 et
1228 1918 1271 1982 ab
1305 1917 1345 1981 iis
1370 1919 1511 1982 relatum
1537 1923 1602 1994 est;
1642 1918 1700 1984 sed
1727 1939 1806 2002 pro-

386 2023 459 2099 pter
490 2019 662 2099 sequentia
696 2007 766 2089 nai
798 2008 956 2104 πολλιίι
988 2009 1197 2116 παρρησίαν
1230 2017 1270 2091 ἑν
1302 2011 1428 2092 πίστει
1464 2021 1580 2085 melius
1614 2020 1806 2104 densiore

385 2120 593 2186 beatitudinis
614 2121 721 2202 gradu
746 2122 936 2203 intelligitur
962 2128 994 2187 et
1020 2123 1084 2187 bac
1102 2123 1260 2189 decanea
1287 2122 1329 2186 ad
1356 2123 1621 2187 constitutionem
1648 2125 1807 2191 ecclesiae

384 2240 452 2288 non
493 2229 628 2308 spectat.
701 2224 812 2305 Longe
849 2229 959 2289 autem
997 2227 1092 2307 plura
1129 2226 1306 2308 descriptio
1342 2226 1603 2292 diaconissarum
1645 2229 1805 2307 praebuit.
1895 2226 1897 2240 '

383 2325 666 2394 Scbleiermacber
692 2330 779 2392 enim
805 2329 839 2392 in
868 2329 944 2393 loco
966 2327 990 2392 l.
1012 2329 1095 2393 Tim.
1120 2329 1158 2406 V,
1185 2319 1338 2405 3-16‚
1365 2329 1486 2410 rejecta
1508 2336 1619 2393 vetere
1643 2330 1805 2413 interpre-
1877 2331 1881 2335 ’

382 2431 524 2510 tatione,
556 2448 622 2514 qua
654 2428 771 2518 τιμᾶν
797 2431 838 2495 de
871 2448 951 2496 cura
986 2449 1168 2515 pauperum
1203 2449 1262 2496 seu
1295 2431 1336 2496 de
1373 2423 1571 2528 θεραπείᾳ
1595 2428 1805 2514 ἑκκλιισια.

383 2533 509 2627 aucupi,
547 2521 661 2607 ’ὄντως
685 2522 788 2627 χέρα
810 2539 920 2600 autem
947 2534 988 2597 de
1015 2535 1114 2599 vidua
1133 2551 1270 2617 prorsus
1297 2536 1406 2616 egenti
1431 2535 1648 2616 intelligatur,
1687 2535 1805 2625 τιμᾶν

381 2634 469 2700 idem
506 2654 578 2702 esse
613 2642 711 2719 atque
742 2635 870 2703 bonore
904 2636 993 2703 attici
1025 2643 1058 2703 et
1090 2623 1203 2709 ὅντως
1226 2626 1332 2733 χέρα
1360 2638 1492 2702 viduam
1518 2638 1647 2702 bonore
1671 2638 1804 2720 dignam

382 2755 455 2803 esse
488 2739 589 2816 dicit;
624 2740 710 2806 banc
742 2744 853 2806 autem
882 2740 1015 2805 viduam
1049 2740 1232 2822 secundum
1269 2741 1351 2806 duas
1386 2740 1560 2805 viduarum
1587 2743 1826 2831 proprietates¹

382 2841 539 2923 describi,
574 2860 606 2909 v.
631 2835 773 2910 3-15
807 2844 988 2909 secundum
1015 2844 1101 2909 vilae
1128 2843 1239 2908 odium
1266 2844 1401 2928 adjectis
1428 2844 1526 2908 simul
1553 2844 1594 2907 de
1615 2844 1803 2927 junioribus

382 2945 488 3010 viduis
513 2947 706 3030 praeceptis,
732 2963 763 3009 v.
793 2942 841 3014 16
866 2946 1046 3012 secundum
1070 2951 1258 3029 egestatem.
1318 2947 1389 3012 Hoc
1411 2952 1535 3013 tantum
1563 2948 1665 3010 modo
1691 2948 1804 3012 omnia

381 3054 470 3114 recte
489 3049 644 3133 intelligi,
676 3066 753 3114 nam
784 3051 812 3115 si
839 3051 976 3116 verbum
1001 3041 1310 3137 καταλέγεσθαι
1333 3067 1392 3133 per
1415 3050 1451 3113 in
1476 3067 1650 3115 nnmerum
1676 3069 1805 3132 paupe-

380 3169 454 3216 rum
477 3153 594 3218 relerri
619 3153 850 3237 explicaretur,
875 3170 1011 3237 prorsus
1025 3170 1094 3218 non
1111 3153 1289 3236 quadraret
1305 3152 1481 3235 descriptio
1500 3151 1690 3230 viduarum,
1717 3171 1802 3236 qnae

380 3256 485 3336 magis
510 3256 626 3321 divites
661 3274 761 3338 quam
795 3261 928 3338 egentes
955 3255 1163 3335 viderentur,
1197 3263 1229 3321 et
1260 3256 1481 3322 luxuriantem
1516 3256 1649 3321 viduam
1687 3251 1727 3343 (v.
1755 3250 1801 3342 6.)

305 3435 307 3440 ,
379 3375 448 3423 non
480 3366 569 3425 recte
600 3360 725 3440 egenti,
763 3360 821 3424 sed
852 3360 1041 3425 honorabili
1066 3359 1209 3441 opponi,
1241 3359 1387 3424 maxime
1411 3360 1440 3424 si
1465 3375 1580 3423 versus
1606 3358 1801 3423 antecedens

379 3461 577 3530 conseratur.
636 3462 703 3528 llas
733 3463 831 3545 igitur
868 3463 982 3529 viduas
1016 3463 1144 3527 honore
1179 3461 1293 3543 dignas
1329 3461 1371 3528 ad
1404 3461 1518 3527 odium
1552 3462 1638 3527 vitae
1662 3462 1801 3542 negotiis

380 3566 583 3648 pallendum,
618 3564 878 3632 diaconissarum
903 3565 1012 3631 ordini
1038 3581 1110 3630 esse
1138 3564 1377 3641 accensendam
1415 3582 1516 3648 quum
1544 3571 1655 3629 antem
1680 3582 1800 3647 perpe-

379 3673 437 3732 tno
459 3671 575 3736 viduas
602 3669 638 3734 se
664 3669 736 3735 iore
758 3671 949 3753 promittere
975 3667 1119 3734 debeant
1141 3686 1209 3733 non
1235 3673 1311 3732 ante
1328 3685 1451 3733 annum
1467 3668 1710 3749 sexagesimum
1727 3684 1799 3732 csse

378 3772 601 3852 recipiendas,
636 3774 780 3838 minores
816 3777 930 3838 contra
964 3776 1045 3836 natu
1078 3771 1194 3835 viduas
1228 3772 1270 3835 ab
1297 3771 1362 3836 hoc
1386 3769 1503 3835 ordine
1530 3789 1602 3836 esse
1629 3770 1799 3846 arcendas,

377 3892 478 3956 nuum
511 3880 647 3962 propter
677 3876 871 3960 cupiditates
907 3874 1003 3939 iacila
1036 3878 1116 3939 voto
1147 3878 1180 3937 et
1211 3874 1375 3955 promisso
1407 3872 1553 3939 infideles
1579 3874 1652 3939 tieri
1674 3875 1800 3956 possint

379 3970 419 4061 (u.
450 3973 517 4068 10).
576 3978 778 4064 Scriptorem
809 3981 833 4046 l.
862 3979 945 4043 Tim.
982 3972 1080 4058 igilur
1113 3975 1298 4042 describere
1331 3977 1512 4041 institutum
1537 3975 1799 4042 diaconissarum

376 4096 453 4143 oum
478 4081 511 4146 in
536 4083 693 4161 modum,
726 4089 762 4147 ut
786 4086 911 4148 tantum
938 4083 1080 4165 majores
1107 4083 1186 4144 natu
1211 4079 1350 4156 viduae,
1381 4095 1466 4160 quae
1498 4087 1656 4162 perpetuo
1683 4080 1798 4145 viduas

376 4201 412 4248 se
428 4198 599 4251 mansuras
619 4204 692 4251 esse
712 4186 932 4268 promiserint,
954 4184 989 4247 in
1007 4181 1157 4248 ordinem
1175 4182 1435 4249 diaconissarum
1452 4183 1663 4263 recipiantur,
1677 4201 1796 4265 quum·

376 4303 439 4367 que
463 4288 549 4352 banc
577 4307 647 4355 rem
672 4306 739 4355 nno
761 4290 903 4355 termino
936 4287 1088 4352 tecbnico
1110 4276 1420 4375 καταλέγεσθαι
1451 4285 1629 4366 significet,
1661 4302 1797 4351 necesse

375 4406 447 4454 essa
473 4391 527 4454 bic
551 4408 624 4458 moa
647 4394 680 4457 in
706 4393 845 4458 ecclesia
871 4391 926 4455 din
946 4395 1045 4455 notus
1071 4395 1286 4472 receptusque
1313 4387 1421 4453 inerit.
1471 4387 1521 4453 ad
1536 4388 1796 4453 confirmandam

375 4492 461 4556 banc
494 4493 587 4558 verbi
620 4485 932 4584 καταλέγεσθαι
965 4494 1135 4558 notionem
1168 4491 1264 4558 allert
1297 4490 1578 4556 Scbleiermacbcr
1612 4493 1705 4557 locos
1730 4491 1794 4557 So-

375 4613 457 4661 zom.
482 4597 556 4676 vll,
590 4591 658 4675 16,
689 4596 770 4664 God.
792 4597 917 4664 Tbeod.
939 4595 1012 4662 xvl
1037 4597 1083 4661 tit
1105 4595 1152 4672 ll,
1180 4585 1239 4674 27,
1266 4594 1450 4676 praecipue„
1478 4599 1587 4660 autem
1619 4595 1716 4660 Basil.
1743 4612 1794 4676 ep.

305 4745 308 4749 ψ
373 4717 446 4765 can.
474 4690 522 4765 24
545 4688 672 4798 χήραν
697 4693 766 4784 refu
792 4694 1087 4786 καταλεγεῖσαν
1104 4692 1154 4770 εἷς
1175 4687 1240 4771 τὸν
1254 4684 1421 4794 sigidone
1437 4694 1514 4770 τῶν
1533 4695 1668 4794 χηρῶν,
1693 4685 1796 4770 τοῦτ’
