<?xml version="1.0" encoding="UTF-8"?>
<!DOCTYPE html PUBLIC "-//W3C//DTD XHTML 1.0 Transitional//EN"
    "http://www.w3.org/TR/xhtml1/DTD/xhtml1-transitional.dtd">
<html xmlns="http://www.w3.org/1999/xhtml" xml:lang="en" lang="en">
 <head>
  <title>
</title>
<meta http-equiv="Content-Type" content="text/html;charset=utf-8" />
  <meta name='ocr-system' content='tesseract 3.04.00' />
  <meta name='ocr-capabilities' content='ocr_page ocr_carea ocr_par ocr_line ocrx_word'/>
</head>
<body>
  <div class='ocr_page' id='page_1' title='image "./dissertatiodear00rudogoog_0016.png"; bbox 0 0 4350 5586; ppageno 0'>
   <div class='ocr_carea' id='block_1_1' title="bbox 1045 509 1066 573">
    <p class='ocr_par' dir='ltr' id='par_1_1' title="bbox 1045 509 1066 573">
     <span class='ocr_line' id='line_1_1' title="bbox 1045 509 1066 573; baseline 0 0"><span class='ocrx_word' id='word_1_1' title='bbox 1045 509 1066 573; x_wconf 83' lang='lat'>5</span> 
     </span>
    </p>
   </div>
   <div class='ocr_carea' id='block_1_2' title="bbox 344 687 1808 1392">
    <p class='ocr_par' dir='ltr' id='par_1_2' title="bbox 344 687 1765 1186">
     <span class='ocr_line' id='line_1_2' title="bbox 344 687 1765 771; baseline 0.003 -17"><span class='ocrx_word' id='word_1_2' title='bbox 344 695 454 756; x_wconf 90' lang='lat' dir='ltr'><strong>ratore</strong></span> <span class='ocrx_word' id='word_1_3' title='bbox 482 690 585 754; x_wconf 84' lang='lat' dir='ltr'><strong>Roma</strong></span> <span class='ocrx_word' id='word_1_4' title='bbox 612 690 734 771; x_wconf 90' lang='lat' dir='ltr'><strong>pulsus,</strong></span> <span class='ocrx_word' id='word_1_5' title='bbox 758 688 812 769; x_wconf 91' lang='lat' dir='ltr'><strong>qui</strong></span> <span class='ocrx_word' id='word_1_6' title='bbox 837 687 1028 768; x_wconf 68' lang='lat' dir='ltr'><strong>insequente</strong></span> <span class='ocrx_word' id='word_1_7' title='bbox 1055 692 1204 769; x_wconf 91' lang='lat' dir='ltr'><strong>tempore</strong></span> <span class='ocrx_word' id='word_1_8' title='bbox 1229 688 1415 770; x_wconf 78' lang='lat' dir='ltr'><strong>Apollinem</strong></span> <span class='ocrx_word' id='word_1_9' title='bbox 1440 689 1602 754; x_wconf 79' lang='lat' dir='ltr'><strong>Judaeum</strong></span> <span class='ocrx_word' id='word_1_10' title='bbox 1628 692 1765 758; x_wconf 85' lang='lat' dir='ltr'><strong>alexan·</strong></span> 
     </span>
     <span class='ocr_line' id='line_1_3' title="bbox 345 789 1765 873; baseline 0.001 -15"><span class='ocrx_word' id='word_1_11' title='bbox 345 794 494 870; x_wconf 91' lang='lat' dir='ltr'><strong>drinum,</strong></span> <span class='ocrx_word' id='word_1_12' title='bbox 532 792 647 857; x_wconf 90' lang='lat' dir='ltr'><strong>notitia</strong></span> <span class='ocrx_word' id='word_1_13' title='bbox 671 792 709 858; x_wconf 81' lang='lat' dir='ltr'><strong>V.</strong></span> <span class='ocrx_word' id='word_1_14' title='bbox 735 790 772 855; x_wconf 87' lang='lat' dir='ltr'><strong>T.</strong></span> <span class='ocrx_word' id='word_1_15' title='bbox 797 791 895 873; x_wconf 92' lang='lat' dir='ltr'><strong>plane</strong></span> <span class='ocrx_word' id='word_1_16' title='bbox 921 789 1099 868; x_wconf 91' lang='lat' dir='ltr'><strong>imbutum,</strong></span> <span class='ocrx_word' id='word_1_17' title='bbox 1132 790 1190 854; x_wconf 91' lang='lat' dir='ltr'><strong>sed</strong></span> <span class='ocrx_word' id='word_1_18' title='bbox 1223 791 1384 872; x_wconf 87' lang='lat' dir='ltr'><strong>evangelii</strong></span> <span class='ocrx_word' id='word_1_19' title='bbox 1418 793 1458 856; x_wconf 91' lang='lat' dir='ltr'><strong>de</strong></span> <span class='ocrx_word' id='word_1_20' title='bbox 1492 790 1622 859; x_wconf 91' lang='lat' dir='ltr'><strong>Christo</strong></span> <span class='ocrx_word' id='word_1_21' title='bbox 1656 796 1765 861; x_wconf 90' lang='lat' dir='ltr'><strong>adhuc</strong></span> 
     </span>
     <span class='ocr_line' id='line_1_4' title="bbox 344 892 1765 976; baseline 0.001 -16"><span class='ocrx_word' id='word_1_22' title='bbox 344 897 496 976; x_wconf 89' lang='lat' dir='ltr'><strong>ignarum</strong></span> <span class='ocrx_word' id='word_1_23' title='bbox 522 898 746 960; x_wconf 88' lang='lat' dir='ltr'><strong>convenerunt</strong></span> <span class='ocrx_word' id='word_1_24' title='bbox 766 898 798 957; x_wconf 89' lang='lat' dir='ltr'><strong>et</strong></span> <span class='ocrx_word' id='word_1_25' title='bbox 824 893 864 957; x_wconf 93' lang='lat' dir='ltr'><strong>de</strong></span> <span class='ocrx_word' id='word_1_26' title='bbox 887 892 1004 959; x_wconf 83' lang='lat' dir='ltr'>Christi</span> <span class='ocrx_word' id='word_1_27' title='bbox 1027 893 1166 958; x_wconf 78' lang='lat' dir='ltr'><strong>messiae</strong></span> <span class='ocrx_word' id='word_1_28' title='bbox 1193 892 1334 959; x_wconf 85' lang='lat' dir='ltr'><strong>adventu</strong></span> <span class='ocrx_word' id='word_1_29' title='bbox 1361 896 1535 960; x_wconf 79' lang='lat' dir='ltr'><strong>certiorem</strong></span> <span class='ocrx_word' id='word_1_30' title='bbox 1561 896 1682 963; x_wconf 86' lang='lat' dir='ltr'><strong>tactum</strong></span> <span class='ocrx_word' id='word_1_31' title='bbox 1708 916 1765 963; x_wconf 91' lang='lat' dir='ltr'><strong>ec-</strong></span> 
     </span>
     <span class='ocr_line' id='line_1_5' title="bbox 345 992 1763 1081; baseline 0.001 -18"><span class='ocrx_word' id='word_1_32' title='bbox 345 1000 465 1064; x_wconf 89' lang='lat' dir='ltr'><strong>etesiae</strong></span> <span class='ocrx_word' id='word_1_33' title='bbox 491 998 721 1081; x_wconf 74' lang='lat' dir='ltr'><strong>adjunxerunt.</strong></span> <span class='ocrx_word' id='word_1_34' title='bbox 774 997 893 1077; x_wconf 80' lang='lat' dir='ltr'>Apollo</span> <span class='ocrx_word' id='word_1_35' title='bbox 919 1014 998 1060; x_wconf 85' lang='lat' dir='ltr'><strong>mox</strong></span> <span class='ocrx_word' id='word_1_36' title='bbox 1018 992 1210 1061; x_wconf 76' lang='lat' dir='ltr'><strong>Corinthum</strong></span> <span class='ocrx_word' id='word_1_37' title='bbox 1237 997 1415 1079; x_wconf 87' lang='lat' dir='ltr'><strong>protectus,</strong></span> <span class='ocrx_word' id='word_1_38' title='bbox 1438 1000 1629 1080; x_wconf 90' lang='lat' dir='ltr'><strong>priusquam</strong></span> <span class='ocrx_word' id='word_1_39' title='bbox 1642 1001 1763 1067; x_wconf 90' lang='lat' dir='ltr'><strong>Paulus</strong></span> 
     </span>
     <span class='ocr_line' id='line_1_6' title="bbox 344 1098 1606 1186; baseline 0.001 -19"><span class='ocrx_word' id='word_1_40' title='bbox 344 1102 513 1186; x_wconf 85' lang='lat' dir='ltr'><strong>Ephesum</strong></span> <span class='ocrx_word' id='word_1_41' title='bbox 538 1104 765 1176; x_wconf 85' lang='lat' dir='ltr'><strong>reverteretur,</strong></span> <span class='ocrx_word' id='word_1_42' title='bbox 792 1106 907 1180; x_wconf 87' lang='lat' dir='ltr'><strong>postea</strong></span> <span class='ocrx_word' id='word_1_43' title='bbox 934 1099 1031 1163; x_wconf 92' lang='lat' dir='ltr'><strong>etiam</strong></span> <span class='ocrx_word' id='word_1_44' title='bbox 1058 1116 1132 1163; x_wconf 92' lang='lat' dir='ltr'><strong>cum</strong></span> <span class='ocrx_word' id='word_1_45' title='bbox 1158 1098 1264 1164; x_wconf 92' lang='lat' dir='ltr'><strong>Paulo</strong></span> <span class='ocrx_word' id='word_1_46' title='bbox 1288 1101 1464 1165; x_wconf 88' lang='lat' dir='ltr'><strong>amicitiam</strong></span> <span class='ocrx_word' id='word_1_47' title='bbox 1485 1101 1606 1183; x_wconf 86' lang='lat' dir='ltr'><strong>junxit.</strong></span> 
     </span>
    </p>

    <p class='ocr_par' dir='ltr' id='par_1_3' title="bbox 346 1199 1808 1392">
     <span class='ocr_line' id='line_1_7' title="bbox 465 1199 1808 1284; baseline 0.001 -16"><span class='ocrx_word' id='word_1_48' title='bbox 465 1203 586 1269; x_wconf 92' lang='lat' dir='ltr'><strong>Paulus</strong></span> <span class='ocrx_word' id='word_1_49' title='bbox 608 1204 744 1277; x_wconf 89' lang='lat' dir='ltr'><strong>interea,</strong></span> <span class='ocrx_word' id='word_1_50' title='bbox 780 1208 816 1265; x_wconf 91' lang='lat' dir='ltr'><strong>ut</strong></span> <span class='ocrx_word' id='word_1_51' title='bbox 842 1200 930 1283; x_wconf 93' lang='lat' dir='ltr'><strong>quod</strong></span> <span class='ocrx_word' id='word_1_52' title='bbox 956 1202 1106 1283; x_wconf 89' lang='lat' dir='ltr'><strong>promisit</strong></span> <span class='ocrx_word' id='word_1_53' title='bbox 1131 1202 1298 1284; x_wconf 85' lang='lat' dir='ltr'><strong>impleret,</strong></span> <span class='ocrx_word' id='word_1_54' title='bbox 1323 1204 1498 1269; x_wconf 78' lang='lat' dir='ltr'><strong>Antiochia</strong></span> <span class='ocrx_word' id='word_1_55' title='bbox 1518 1203 1635 1268; x_wconf 88' lang='lat' dir='ltr'><strong>iterum</strong></span> <span class='ocrx_word' id='word_1_56' title='bbox 1656 1204 1763 1269; x_wconf 89' lang='lat' dir='ltr'><strong>disce·</strong></span> <span class='ocrx_word' id='word_1_57' title='bbox 1803 1199 1808 1212; x_wconf 88' lang='grc'><strong>’</strong></span> 
     </span>
     <span class='ocr_line' id='line_1_8' title="bbox 346 1295 1763 1392; baseline 0.001 -21"><span class='ocrx_word' id='word_1_58' title='bbox 346 1308 426 1372; x_wconf 91' lang='lat' dir='ltr'><strong>dens</strong></span> <span class='ocrx_word' id='word_1_59' title='bbox 458 1307 702 1388; x_wconf 73' lang='lat' dir='ltr'><strong>peragratisque</strong></span> <span class='ocrx_word' id='word_1_60' title='bbox 739 1301 868 1371; x_wconf 87' lang='lat' dir='ltr'><strong>Galatia</strong></span> <span class='ocrx_word' id='word_1_61' title='bbox 898 1295 1049 1385; x_wconf 82' lang='lat' dir='ltr'><strong>Bithynia</strong></span> <span class='ocrx_word' id='word_1_62' title='bbox 1082 1309 1114 1369; x_wconf 89' lang='lat' dir='ltr'><strong>et</strong></span> <span class='ocrx_word' id='word_1_63' title='bbox 1143 1304 1250 1386; x_wconf 81' lang='lat' dir='ltr'><strong>Mysia</strong></span> <span class='ocrx_word' id='word_1_64' title='bbox 1276 1299 1346 1392; x_wconf 88' lang='lat' dir='ltr'><strong>(has</strong></span> <span class='ocrx_word' id='word_1_65' title='bbox 1369 1308 1457 1371; x_wconf 92' lang='lat' dir='ltr'><strong>enim</strong></span> <span class='ocrx_word' id='word_1_66' title='bbox 1487 1307 1641 1386; x_wconf 81' lang='lat' dir='ltr'><strong>regiones</strong></span> <span class='ocrx_word' id='word_1_67' title='bbox 1659 1306 1763 1373; x_wconf 89' lang='lat' dir='ltr'><strong>Lucas</strong></span> 
     </span>
    </p>
   </div>
   <div class='ocr_carea' id='block_1_3' title="bbox 263 1394 1765 4784">
    <p class='ocr_par' dir='ltr' id='par_1_4' title="bbox 345 1394 1765 1593">
     <span class='ocr_line' id='line_1_9' title="bbox 346 1394 1764 1503; baseline 0 -29"><span class='ocrx_word' id='word_1_68' title='bbox 346 1407 455 1474; x_wconf 86' lang='lat' dir='ltr'><strong>verbis</strong></span> <span class='ocrx_word' id='word_1_69' title='bbox 482 1399 535 1481; x_wconf 69' lang='grc' dir='ltr'><strong>τοὶ</strong></span> <span class='ocrx_word' id='word_1_70' title='bbox 561 1400 652 1503; x_wconf 72' lang='grc' dir='ltr'><strong>μέρη</strong></span> <span class='ocrx_word' id='word_1_71' title='bbox 677 1394 889 1501; x_wconf 72' lang='grc' dir='ltr'><em>α’νωτερικά</em></span> <span class='ocrx_word' id='word_1_72' title='bbox 914 1405 1092 1484; x_wconf 73' lang='lat' dir='ltr'><strong>tantilli,</strong></span> <span class='ocrx_word' id='word_1_73' title='bbox 1118 1396 1318 1472; x_wconf 88' lang='lat' dir='ltr'><strong>2deaotare</strong></span> <span class='ocrx_word' id='word_1_74' title='bbox 1337 1405 1475 1497; x_wconf 83' lang='lat' dir='ltr'><strong>videtur)</strong></span> <span class='ocrx_word' id='word_1_75' title='bbox 1504 1407 1672 1491; x_wconf 86' lang='lat' dir='ltr'><strong>Ephesum</strong></span> <span class='ocrx_word' id='word_1_76' title='bbox 1686 1429 1764 1493; x_wconf 91' lang='lat' dir='ltr'><strong>per·</strong></span> 
     </span>
     <span class='ocr_line' id='line_1_10' title="bbox 345 1508 1765 1593; baseline 0.002 -17"><span class='ocrx_word' id='word_1_77' title='bbox 345 1512 489 1577; x_wconf 83' lang='lat' dir='ltr'><strong>renitet</strong></span> <span class='ocrx_word' id='word_1_78' title='bbox 514 1513 656 1592; x_wconf 92' lang='lat' dir='ltr'><strong>primum</strong></span> <span class='ocrx_word' id='word_1_79' title='bbox 682 1509 856 1574; x_wconf 90' lang='lat' dir='ltr'><strong>duodecim</strong></span> <span class='ocrx_word' id='word_1_80' title='bbox 881 1508 1019 1576; x_wconf 79' lang='lat' dir='ltr'><strong>loannis</strong></span> <span class='ocrx_word' id='word_1_81' title='bbox 1044 1510 1204 1592; x_wconf 87' lang='lat' dir='ltr'><strong>baptistae</strong></span> <span class='ocrx_word' id='word_1_82' title='bbox 1230 1509 1407 1593; x_wconf 90' lang='lat' dir='ltr'><strong>discipulos</strong></span> <span class='ocrx_word' id='word_1_83' title='bbox 1431 1513 1472 1577; x_wconf 92' lang='lat' dir='ltr'><strong>ad</strong></span> <span class='ocrx_word' id='word_1_84' title='bbox 1496 1511 1659 1578; x_wconf 84' lang='lat' dir='ltr'><strong>Christum</strong></span> <span class='ocrx_word' id='word_1_85' title='bbox 1683 1531 1765 1579; x_wconf 90' lang='lat' dir='ltr'><strong>con·</strong></span> 
     </span>
    </p>

    <p class='ocr_par' dir='ltr' id='par_1_5' title="bbox 263 1613 1764 4784">
     <span class='ocr_line' id='line_1_11' title="bbox 346 1613 1764 1697; baseline 0.001 -18"><span class='ocrx_word' id='word_1_86' title='bbox 346 1615 458 1690; x_wconf 86' lang='lat' dir='ltr'><strong>vertit,</strong></span> <span class='ocrx_word' id='word_1_87' title='bbox 496 1614 614 1679; x_wconf 90' lang='lat' dir='ltr'><strong>deinde</strong></span> <span class='ocrx_word' id='word_1_88' title='bbox 644 1631 738 1678; x_wconf 90' lang='lat' dir='ltr'><strong>more</strong></span> <span class='ocrx_word' id='word_1_89' title='bbox 769 1618 928 1678; x_wconf 89' lang='lat' dir='ltr'><strong>consueto</strong></span> <span class='ocrx_word' id='word_1_90' title='bbox 963 1617 1027 1677; x_wconf 87' lang='lat' dir='ltr'><strong>tres</strong></span> <span class='ocrx_word' id='word_1_91' title='bbox 1053 1631 1183 1678; x_wconf 85' lang='lat' dir='ltr'><strong>manses</strong></span> <span class='ocrx_word' id='word_1_92' title='bbox 1216 1613 1250 1677; x_wconf 94' lang='lat' dir='ltr'><strong>in</strong></span> <span class='ocrx_word' id='word_1_93' title='bbox 1279 1631 1447 1697; x_wconf 89' lang='lat' dir='ltr'><strong>synagoga</strong></span> <span class='ocrx_word' id='word_1_94' title='bbox 1471 1615 1616 1681; x_wconf 84' lang='lat' dir='ltr'><strong>ludaeos</strong></span> <span class='ocrx_word' id='word_1_95' title='bbox 1643 1616 1764 1693; x_wconf 86' lang='lat' dir='ltr'><strong>docuit,</strong></span> 
     </span>
     <span class='ocr_line' id='line_1_12' title="bbox 345 1714 1763 1800; baseline 0.001 -18"><span class='ocrx_word' id='word_1_96' title='bbox 345 1718 400 1800; x_wconf 93' lang='lat' dir='ltr'><strong>qui</strong></span> <span class='ocrx_word' id='word_1_97' title='bbox 426 1734 527 1798; x_wconf 94' lang='lat' dir='ltr'><strong>quum</strong></span> <span class='ocrx_word' id='word_1_98' title='bbox 554 1717 763 1800; x_wconf 91' lang='lat' dir='ltr'><strong>pertinaciter</strong></span> <span class='ocrx_word' id='word_1_99' title='bbox 788 1717 895 1798; x_wconf 94' lang='lat' dir='ltr'><strong>ipsum</strong></span> <span class='ocrx_word' id='word_1_100' title='bbox 925 1716 1142 1797; x_wconf 85' lang='lat' dir='ltr'><strong>respuissent,</strong></span> <span class='ocrx_word' id='word_1_101' title='bbox 1178 1715 1220 1779; x_wconf 92' lang='lat' dir='ltr'><strong>ad</strong></span> <span class='ocrx_word' id='word_1_102' title='bbox 1252 1714 1397 1781; x_wconf 90' lang='lat' dir='ltr'><strong>Graecos</strong></span> <span class='ocrx_word' id='word_1_103' title='bbox 1425 1736 1461 1783; x_wconf 90' lang='lat' dir='ltr'><strong>se</strong></span> <span class='ocrx_word' id='word_1_104' title='bbox 1492 1720 1629 1783; x_wconf 90' lang='lat' dir='ltr'><strong>contulit</strong></span> <span class='ocrx_word' id='word_1_105' title='bbox 1664 1723 1696 1783; x_wconf 92' lang='lat' dir='ltr'><strong>et</strong></span> <span class='ocrx_word' id='word_1_106' title='bbox 1729 1720 1763 1783; x_wconf 90' lang='lat' dir='ltr'><strong>iu</strong></span> 
     </span>
     <span class='ocr_line' id='line_1_13' title="bbox 344 1817 1764 1902; baseline 0 -17"><span class='ocrx_word' id='word_1_107' title='bbox 344 1820 459 1886; x_wconf 86' lang='lat' dir='ltr'><strong>schola</strong></span> <span class='ocrx_word' id='word_1_108' title='bbox 485 1820 629 1901; x_wconf 84' lang='lat' dir='ltr'><strong>Tyranni</strong></span> <span class='ocrx_word' id='word_1_109' title='bbox 653 1817 823 1902; x_wconf 88' lang='lat' dir='ltr'><strong>cujusdam</strong></span> <span class='ocrx_word' id='word_1_110' title='bbox 846 1818 928 1883; x_wconf 90' lang='lat' dir='ltr'><strong>duos</strong></span> <span class='ocrx_word' id='word_1_111' title='bbox 956 1835 1060 1882; x_wconf 90' lang='lat' dir='ltr'><strong>annos</strong></span> <span class='ocrx_word' id='word_1_112' title='bbox 1083 1818 1124 1883; x_wconf 92' lang='lat' dir='ltr'><strong>de</strong></span> <span class='ocrx_word' id='word_1_113' title='bbox 1147 1818 1211 1882; x_wconf 90' lang='lat' dir='ltr'><strong>tide</strong></span> <span class='ocrx_word' id='word_1_114' title='bbox 1237 1819 1413 1885; x_wconf 89' lang='lat' dir='ltr'><strong>christiana</strong></span> <span class='ocrx_word' id='word_1_115' title='bbox 1437 1821 1599 1898; x_wconf 85' lang='lat' dir='ltr'><strong>disseruit,</strong></span> <span class='ocrx_word' id='word_1_116' title='bbox 1631 1827 1666 1885; x_wconf 91' lang='lat' dir='ltr'><strong>ut</strong></span> <span class='ocrx_word' id='word_1_117' title='bbox 1690 1839 1764 1887; x_wconf 91' lang='lat' dir='ltr'><strong>ma·</strong></span> 
     </span>
     <span class='ocr_line' id='line_1_14' title="bbox 344 1920 1761 2006; baseline 0.001 -17"><span class='ocrx_word' id='word_1_118' title='bbox 344 1941 442 2004; x_wconf 90' lang='lat' dir='ltr'><strong>gnam</strong></span> <span class='ocrx_word' id='word_1_119' title='bbox 469 1922 707 1988; x_wconf 87' lang='lat' dir='ltr'><strong>multitudinem</strong></span> <span class='ocrx_word' id='word_1_120' title='bbox 733 1920 970 2003; x_wconf 90' lang='lat' dir='ltr'><strong>discipulorum</strong></span> <span class='ocrx_word' id='word_1_121' title='bbox 996 1921 1059 1986; x_wconf 88' lang='lat' dir='ltr'><strong>sibi</strong></span> <span class='ocrx_word' id='word_1_122' title='bbox 1081 1929 1298 2004; x_wconf 89' lang='lat' dir='ltr'><strong>compararet,</strong></span> <span class='ocrx_word' id='word_1_123' title='bbox 1329 1942 1348 1988; x_wconf 93' lang='lat' dir='ltr'><strong>a</strong></span> <span class='ocrx_word' id='word_1_124' title='bbox 1374 1923 1447 1989; x_wconf 90' lang='lat' dir='ltr'><strong>Deo</strong></span> <span class='ocrx_word' id='word_1_125' title='bbox 1474 1926 1605 2005; x_wconf 82' lang='lat' dir='ltr'><strong>egregie</strong></span> <span class='ocrx_word' id='word_1_126' title='bbox 1631 1924 1761 2006; x_wconf 82' lang='lat' dir='ltr'><strong>ady&#39;utus</strong></span> 
     </span>
     <span class='ocr_line' id='line_1_15' title="bbox 344 2024 1764 2109; baseline 0 -18"><span class='ocrx_word' id='word_1_127' title='bbox 344 2027 521 2103; x_wconf 90' lang='lat' dir='ltr'><strong>miraculis,</strong></span> <span class='ocrx_word' id='word_1_128' title='bbox 554 2045 640 2107; x_wconf 90' lang='lat' dir='ltr'><strong>quae</strong></span> <span class='ocrx_word' id='word_1_129' title='bbox 666 2026 700 2090; x_wconf 92' lang='lat' dir='ltr'><strong>in</strong></span> <span class='ocrx_word' id='word_1_130' title='bbox 726 2025 880 2090; x_wconf 87' lang='lat' dir='ltr'><strong>sanandis</strong></span> <span class='ocrx_word' id='word_1_131' title='bbox 901 2024 1044 2105; x_wconf 86' lang='lat' dir='ltr'><strong>aegrotis</strong></span> <span class='ocrx_word' id='word_1_132' title='bbox 1071 2024 1187 2089; x_wconf 74' lang='lat' dir='ltr'><strong>eileoit.</strong></span> <span class='ocrx_word' id='word_1_133' title='bbox 1238 2025 1434 2109; x_wconf 86' lang='lat' dir='ltr'><strong>Priusquam</strong></span> <span class='ocrx_word' id='word_1_134' title='bbox 1459 2032 1569 2091; x_wconf 88' lang='lat' dir='ltr'><strong>autem</strong></span> <span class='ocrx_word' id='word_1_135' title='bbox 1593 2027 1687 2092; x_wconf 90' lang='lat' dir='ltr'><strong>Pauli</strong></span> <span class='ocrx_word' id='word_1_136' title='bbox 1713 2028 1764 2091; x_wconf 90' lang='lat' dir='ltr'><strong>vi-</strong></span> 
     </span>
     <span class='ocr_line' id='line_1_16' title="bbox 343 2126 1763 2211; baseline -0.001 -16"><span class='ocrx_word' id='word_1_137' title='bbox 343 2137 411 2195; x_wconf 89' lang='lat' dir='ltr'><strong>tam</strong></span> <span class='ocrx_word' id='word_1_138' title='bbox 438 2129 623 2195; x_wconf 89' lang='lat' dir='ltr'><strong>describere</strong></span> <span class='ocrx_word' id='word_1_139' title='bbox 649 2133 815 2211; x_wconf 86' lang='lat' dir='ltr'><strong>pergatur,</strong></span> <span class='ocrx_word' id='word_1_140' title='bbox 840 2127 964 2192; x_wconf 89' lang='lat' dir='ltr'><strong>mentio</strong></span> <span class='ocrx_word' id='word_1_141' title='bbox 990 2127 1030 2190; x_wconf 94' lang='lat' dir='ltr'><strong>de</strong></span> <span class='ocrx_word' id='word_1_142' title='bbox 1055 2127 1171 2192; x_wconf 89' lang='lat' dir='ltr'><strong>itinere</strong></span> <span class='ocrx_word' id='word_1_143' title='bbox 1197 2126 1349 2194; x_wconf 85' lang='lat' dir='ltr'><strong>iacienda</strong></span> <span class='ocrx_word' id='word_1_144' title='bbox 1374 2135 1432 2206; x_wconf 77' lang='lat' dir='ltr'><strong>est,</strong></span> <span class='ocrx_word' id='word_1_145' title='bbox 1458 2130 1546 2211; x_wconf 94' lang='lat' dir='ltr'><strong>quod</strong></span> <span class='ocrx_word' id='word_1_146' title='bbox 1563 2129 1667 2194; x_wconf 89' lang='lat' dir='ltr'><strong>Lucas</strong></span> <span class='ocrx_word' id='word_1_147' title='bbox 1689 2130 1763 2211; x_wconf 92' lang='lat' dir='ltr'><strong>qui·</strong></span> 
     </span>
     <span class='ocr_line' id='line_1_17' title="bbox 344 2230 1763 2315; baseline 0 -19"><span class='ocrx_word' id='word_1_148' title='bbox 344 2232 420 2297; x_wconf 92' lang='lat' dir='ltr'><strong>dem</strong></span> <span class='ocrx_word' id='word_1_149' title='bbox 447 2232 576 2297; x_wconf 90' lang='lat' dir='ltr'><strong>silentio</strong></span> <span class='ocrx_word' id='word_1_150' title='bbox 603 2231 831 2315; x_wconf 78' lang='lat' dir='ltr'><strong>praetermisit,</strong></span> <span class='ocrx_word' id='word_1_151' title='bbox 855 2231 976 2295; x_wconf 92' lang='lat' dir='ltr'><strong>Paulus</strong></span> <span class='ocrx_word' id='word_1_152' title='bbox 1000 2230 1070 2312; x_wconf 90' lang='lat' dir='ltr'><strong>ipse</strong></span> <span class='ocrx_word' id='word_1_153' title='bbox 1096 2235 1205 2295; x_wconf 88' lang='lat' dir='ltr'><strong>autem</strong></span> <span class='ocrx_word' id='word_1_154' title='bbox 1231 2231 1266 2295; x_wconf 87' lang='lat' dir='ltr'><strong>in</strong></span> <span class='ocrx_word' id='word_1_155' title='bbox 1290 2232 1330 2296; x_wconf 92' lang='lat'><strong>11.</strong></span> <span class='ocrx_word' id='word_1_156' title='bbox 1357 2232 1431 2298; x_wconf 91' lang='lat' dir='ltr'><strong>Cor.</strong></span> <span class='ocrx_word' id='word_1_157' title='bbox 1457 2233 1640 2298; x_wconf 88' lang='lat' dir='ltr'><strong>luculenter</strong></span> <span class='ocrx_word' id='word_1_158' title='bbox 1663 2238 1763 2296; x_wconf 88' lang='lat' dir='ltr'><strong>testa-</strong></span> 
     </span>
     <span class='ocr_line' id='line_1_18' title="bbox 344 2317 1763 2433; baseline -0.004 -32"><span class='ocrx_word' id='word_1_159' title='bbox 344 2342 395 2401; x_wconf 89' lang='lat' dir='ltr'><strong>tus</strong></span> <span class='ocrx_word' id='word_1_160' title='bbox 423 2342 481 2401; x_wconf 91' lang='lat' dir='ltr'><strong>est.</strong></span> <span class='ocrx_word' id='word_1_161' title='bbox 532 2335 582 2400; x_wconf 96' lang='lat' dir='ltr'><strong>lbi</strong></span> <span class='ocrx_word' id='word_1_162' title='bbox 608 2336 696 2400; x_wconf 91' lang='lat' dir='ltr'><strong>enim</strong></span> <span class='ocrx_word' id='word_1_163' title='bbox 721 2352 783 2433; x_wconf 78' lang='lat' dir='ltr'><strong>cap</strong></span> <span class='ocrx_word' id='word_1_164' title='bbox 808 2331 878 2412; x_wconf 88' lang='lat' dir='ltr'><strong>Xll,</strong></span> <span class='ocrx_word' id='word_1_165' title='bbox 907 2326 953 2398; x_wconf 88' lang='grc'><strong>14</strong></span> <span class='ocrx_word' id='word_1_166' title='bbox 981 2339 1013 2397; x_wconf 91' lang='lat' dir='ltr'><strong>et</strong></span> <span class='ocrx_word' id='word_1_167' title='bbox 1038 2331 1123 2411; x_wconf 83' lang='lat' dir='ltr'><strong>Xlll,</strong></span> <span class='ocrx_word' id='word_1_168' title='bbox 1150 2328 1169 2397; x_wconf 96' lang='lat' dir='ltr'><strong>l</strong></span> <span class='ocrx_word' id='word_1_169' title='bbox 1194 2340 1306 2415; x_wconf 87' lang='lat' dir='ltr'><strong>aperte</strong></span> <span class='ocrx_word' id='word_1_170' title='bbox 1323 2334 1402 2400; x_wconf 89' lang='lat' dir='ltr'><strong>dicit</strong></span> <span class='ocrx_word' id='word_1_171' title='bbox 1423 2317 1509 2421; x_wconf 68' lang='grc' dir='ltr'>(ἰδοῦ</span> <span class='ocrx_word' id='word_1_172' title='bbox 1527 2325 1651 2431; x_wconf 74' lang='grc' dir='ltr'>τρίτον</span> <span class='ocrx_word' id='word_1_173' title='bbox 1667 2326 1763 2407; x_wconf 61' lang='lat' dir='ltr'><strong>irai.</strong></span> 
     </span>
     <span class='ocr_line' id='line_1_19' title="bbox 343 2425 1762 2532; baseline -0.001 -21"><span class='ocrx_word' id='word_1_174' title='bbox 343 2457 422 2529; x_wconf 72' lang='lat' dir='ltr'><strong>gas</strong></span> <span class='ocrx_word' id='word_1_175' title='bbox 447 2431 527 2527; x_wconf 81' lang='grc' dir='ltr'><strong>ἔχω</strong></span> <span class='ocrx_word' id='word_1_176' title='bbox 553 2429 695 2513; x_wconf 77' lang='grc' dir='ltr'><em>ἐλθεῖν</em></span> <span class='ocrx_word' id='word_1_177' title='bbox 717 2426 807 2531; x_wconf 65' lang='lat' dir='ltr'><strong>nqis</strong></span> <span class='ocrx_word' id='word_1_178' title='bbox 831 2425 930 2524; x_wconf 74' lang='grc' dir='ltr'><strong>ὑμᾶς</strong></span> <span class='ocrx_word' id='word_1_179' title='bbox 955 2440 986 2499; x_wconf 78' lang='lat' dir='ltr'><strong>et</strong></span> <span class='ocrx_word' id='word_1_180' title='bbox 1012 2427 1136 2529; x_wconf 79' lang='grc' dir='ltr'><em>τρίτον</em></span> <span class='ocrx_word' id='word_1_181' title='bbox 1163 2434 1273 2509; x_wconf 83' lang='grc' dir='ltr'>τοῦτο</span> <span class='ocrx_word' id='word_1_182' title='bbox 1296 2429 1456 2531; x_wconf 77' lang='grc' dir='ltr'><strong>ἔρχομαι</strong></span> <span class='ocrx_word' id='word_1_183' title='bbox 1481 2434 1569 2532; x_wconf 75' lang='grc' dir='ltr'><strong>πρὸς</strong></span> <span class='ocrx_word' id='word_1_184' title='bbox 1593 2425 1701 2526; x_wconf 71' lang='grc' dir='ltr'>ὑμᾶς)</span> <span class='ocrx_word' id='word_1_185' title='bbox 1726 2455 1762 2500; x_wconf 81' lang='lat' dir='ltr'><strong>se</strong></span> 
     </span>
     <span class='ocr_line' id='line_1_20' title="bbox 344 2537 1763 2622; baseline -0.002 -16"><span class='ocrx_word' id='word_1_186' title='bbox 344 2540 437 2606; x_wconf 90' lang='lat' dir='ltr'><strong>trinis</strong></span> <span class='ocrx_word' id='word_1_187' title='bbox 468 2541 594 2606; x_wconf 85' lang='lat' dir='ltr'><strong>vicibus</strong></span> <span class='ocrx_word' id='word_1_188' title='bbox 629 2539 822 2606; x_wconf 85' lang='lat' dir='ltr'><strong>Corinthum</strong></span> <span class='ocrx_word' id='word_1_189' title='bbox 854 2540 926 2615; x_wconf 89' lang='lat' dir='ltr'><strong>ire;</strong></span> <span class='ocrx_word' id='word_1_190' title='bbox 965 2540 1068 2603; x_wconf 87' lang='lat' dir='ltr'><strong>altera</strong></span> <span class='ocrx_word' id='word_1_191' title='bbox 1101 2537 1144 2603; x_wconf 88' lang='lat' dir='ltr'><strong>ad</strong></span> <span class='ocrx_word' id='word_1_192' title='bbox 1178 2537 1363 2605; x_wconf 91' lang='lat' dir='ltr'><strong>Corinthios</strong></span> <span class='ocrx_word' id='word_1_193' title='bbox 1396 2541 1535 2622; x_wconf 87' lang='lat' dir='ltr'><strong>epistola</strong></span> <span class='ocrx_word' id='word_1_194' title='bbox 1565 2558 1666 2622; x_wconf 92' lang='lat' dir='ltr'><strong>quum</strong></span> <span class='ocrx_word' id='word_1_195' title='bbox 1690 2539 1763 2604; x_wconf 88' lang='lat' dir='ltr'><strong>sine</strong></span> 
     </span>
     <span class='ocr_line' id='line_1_21' title="bbox 344 2640 1762 2726; baseline -0.001 -17"><span class='ocrx_word' id='word_1_196' title='bbox 344 2642 446 2709; x_wconf 91' lang='lat' dir='ltr'><strong>dubio</strong></span> <span class='ocrx_word' id='word_1_197' title='bbox 481 2644 602 2726; x_wconf 88' lang='lat' dir='ltr'><strong>scripta</strong></span> <span class='ocrx_word' id='word_1_198' title='bbox 628 2645 686 2720; x_wconf 90' lang='lat' dir='ltr'><strong>sit,</strong></span> <span class='ocrx_word' id='word_1_199' title='bbox 717 2643 795 2706; x_wconf 96' lang='lat' dir='ltr'><strong>dum</strong></span> <span class='ocrx_word' id='word_1_200' title='bbox 823 2640 944 2707; x_wconf 89' lang='lat' dir='ltr'><strong>Paulus</strong></span> <span class='ocrx_word' id='word_1_201' title='bbox 967 2640 1099 2723; x_wconf 81' lang='lat' dir='ltr'><strong>Epheso</strong></span> <span class='ocrx_word' id='word_1_202' title='bbox 1123 2659 1184 2723; x_wconf 91' lang='lat' dir='ltr'><strong>per</strong></span> <span class='ocrx_word' id='word_1_203' title='bbox 1206 2641 1437 2708; x_wconf 87' lang='lat' dir='ltr'><strong>Macedoniam</strong></span> <span class='ocrx_word' id='word_1_204' title='bbox 1464 2641 1657 2709; x_wconf 89' lang='lat' dir='ltr'><strong>Corinthum</strong></span> <span class='ocrx_word' id='word_1_205' title='bbox 1681 2644 1762 2725; x_wconf 91' lang='lat' dir='ltr'><strong>petit</strong></span> 
     </span>
     <span class='ocr_line' id='line_1_22' title="bbox 346 2742 1762 2834; baseline -0.001 -22"><span class='ocrx_word' id='word_1_206' title='bbox 346 2742 426 2834; x_wconf 79' lang='lat' dir='ltr'><strong>(Act</strong></span> <span class='ocrx_word' id='word_1_207' title='bbox 443 2746 515 2822; x_wconf 84' lang='lat' dir='ltr'><strong>XX,</strong></span> <span class='ocrx_word' id='word_1_208' title='bbox 544 2742 587 2834; x_wconf 83' lang='lat' dir='ltr'><strong>l),</strong></span> <span class='ocrx_word' id='word_1_209' title='bbox 613 2747 802 2811; x_wconf 90' lang='lat' dir='ltr'><strong>necessario</strong></span> <span class='ocrx_word' id='word_1_210' title='bbox 823 2745 980 2827; x_wconf 91' lang='lat' dir='ltr'><strong>sequitur,</strong></span> <span class='ocrx_word' id='word_1_211' title='bbox 1005 2744 1144 2809; x_wconf 89' lang='lat' dir='ltr'><strong>Paulum</strong></span> <span class='ocrx_word' id='word_1_212' title='bbox 1172 2744 1349 2827; x_wconf 91' lang='lat' dir='ltr'><strong>aliquando</strong></span> <span class='ocrx_word' id='word_1_213' title='bbox 1375 2744 1507 2828; x_wconf 86' lang='lat' dir='ltr'><strong>Epheso</strong></span> <span class='ocrx_word' id='word_1_214' title='bbox 1533 2753 1611 2811; x_wconf 92' lang='lat' dir='ltr'><strong>tunc</strong></span> <span class='ocrx_word' id='word_1_215' title='bbox 1637 2746 1762 2827; x_wconf 85' lang='lat' dir='ltr'><strong>digres-</strong></span> 
     </span>
     <span class='ocr_line' id='line_1_23' title="bbox 345 2846 1761 2938; baseline -0.001 -23"><span class='ocrx_word' id='word_1_216' title='bbox 345 2867 420 2915; x_wconf 89' lang='lat' dir='ltr'><strong>sum</strong></span> <span class='ocrx_word' id='word_1_217' title='bbox 453 2847 646 2916; x_wconf 91' lang='lat' dir='ltr'><strong>Corinthum</strong></span> <span class='ocrx_word' id='word_1_218' title='bbox 679 2849 850 2926; x_wconf 88' lang='lat' dir='ltr'><strong>invisisse,</strong></span> <span class='ocrx_word' id='word_1_219' title='bbox 886 2846 975 2931; x_wconf 90' lang='lat' dir='ltr'><strong>quod</strong></span> <span class='ocrx_word' id='word_1_220' title='bbox 1001 2846 1126 2926; x_wconf 90' lang='lat' dir='ltr'><strong>Lucas,</strong></span> <span class='ocrx_word' id='word_1_221' title='bbox 1164 2848 1241 2928; x_wconf 89' lang='lat' dir='ltr'><strong>quia</strong></span> <span class='ocrx_word' id='word_1_222' title='bbox 1272 2849 1403 2914; x_wconf 84' lang='lat' dir='ltr'><strong>brevius</strong></span> <span class='ocrx_word' id='word_1_223' title='bbox 1436 2850 1498 2938; x_wconf 83' lang='lat' dir='ltr'><strong>iter</strong></span> <span class='ocrx_word' id='word_1_224' title='bbox 1531 2849 1612 2926; x_wconf 86' lang='lat' dir='ltr'><strong>tuit,</strong></span> <span class='ocrx_word' id='word_1_225' title='bbox 1641 2849 1761 2914; x_wconf 75' lang='lat' dir='ltr'><strong>omisit</strong></span> 
     </span>
     <span class='ocr_line' id='line_1_24' title="bbox 263 2950 1761 3040; baseline -0.003 -21"><span class='ocrx_word' id='word_1_226' title='bbox 263 3032 266 3039; x_wconf 28' lang='grc' dir='ltr'>Ι</span> <span class='ocrx_word' id='word_1_227' title='bbox 345 2952 443 3019; x_wconf 81' lang='lat' dir='ltr'><strong>Aliud</strong></span> <span class='ocrx_word' id='word_1_228' title='bbox 477 2950 566 3034; x_wconf 92' lang='lat' dir='ltr'><strong>quod</strong></span> <span class='ocrx_word' id='word_1_229' title='bbox 596 2952 717 3018; x_wconf 90' lang='lat' dir='ltr'><strong>Paulus</strong></span> <span class='ocrx_word' id='word_1_230' title='bbox 750 2953 815 3016; x_wconf 93' lang='lat' dir='ltr'><strong>boc</strong></span> <span class='ocrx_word' id='word_1_231' title='bbox 849 2951 966 3016; x_wconf 91' lang='lat' dir='ltr'><strong>itinere</strong></span> <span class='ocrx_word' id='word_1_232' title='bbox 995 2950 1072 3014; x_wconf 88' lang='lat' dir='ltr'><strong>tecit</strong></span> <span class='ocrx_word' id='word_1_233' title='bbox 1104 2955 1219 3033; x_wconf 88' lang='lat' dir='ltr'><strong>postea</strong></span> <span class='ocrx_word' id='word_1_234' title='bbox 1253 2953 1524 3016; x_wconf 89' lang='lat' dir='ltr'><strong>commemorabo</strong></span> <span class='ocrx_word' id='word_1_235' title='bbox 1562 2951 1631 3040; x_wconf 82' lang='lat' dir='ltr'><strong>nbi¹</strong></span> <span class='ocrx_word' id='word_1_236' title='bbox 1654 2953 1761 3028; x_wconf 88' lang='lat' dir='ltr'><strong>simul,</strong></span> 
     </span>
     <span class='ocr_line' id='line_1_25' title="bbox 343 3045 1760 3140; baseline -0.002 -19"><span class='ocrx_word' id='word_1_237' title='bbox 343 3072 429 3138; x_wconf 87' lang='lat' dir='ltr'><strong>quae</strong></span> <span class='ocrx_word' id='word_1_238' title='bbox 460 3056 502 3120; x_wconf 90' lang='lat' dir='ltr'><strong>de</strong></span> <span class='ocrx_word' id='word_1_239' title='bbox 524 3054 633 3120; x_wconf 89' lang='lat' dir='ltr'><strong>Wette</strong></span> <span class='ocrx_word' id='word_1_240' title='bbox 669 3051 703 3140; x_wconf 66' lang='lat' dir='ltr'><strong>S.</strong></span> <span class='ocrx_word' id='word_1_241' title='bbox 741 3045 839 3120; x_wconf 79' lang='lat'>132·</span> <span class='ocrx_word' id='word_1_242' title='bbox 873 3052 1123 3119; x_wconf 91' lang='lat' dir='ltr'><strong>introductionis</strong></span> <span class='ocrx_word' id='word_1_243' title='bbox 1157 3054 1190 3117; x_wconf 91' lang='lat' dir='ltr'><strong>in</strong></span> <span class='ocrx_word' id='word_1_244' title='bbox 1223 3053 1261 3119; x_wconf 90' lang='lat' dir='ltr'><strong>N.</strong></span> <span class='ocrx_word' id='word_1_245' title='bbox 1294 3057 1331 3121; x_wconf 92' lang='lat' dir='ltr'><strong>T.</strong></span> <span class='ocrx_word' id='word_1_246' title='bbox 1365 3061 1481 3119; x_wconf 86' lang='lat' dir='ltr'><strong>contra</strong></span> <span class='ocrx_word' id='word_1_247' title='bbox 1510 3055 1595 3119; x_wconf 92' lang='lat' dir='ltr'><strong>hanc</strong></span> <span class='ocrx_word' id='word_1_248' title='bbox 1628 3060 1760 3119; x_wconf 91' lang='lat' dir='ltr'><strong>senten-</strong></span> 
     </span>
     <span class='ocr_line' id='line_1_26' title="bbox 341 3156 1761 3241; baseline -0.001 -18"><span class='ocrx_word' id='word_1_249' title='bbox 341 3159 422 3224; x_wconf 89' lang='lat' dir='ltr'><strong>tiam</strong></span> <span class='ocrx_word' id='word_1_250' title='bbox 455 3158 592 3241; x_wconf 91' lang='lat' dir='ltr'><strong>protulit</strong></span> <span class='ocrx_word' id='word_1_251' title='bbox 621 3165 814 3239; x_wconf 89' lang='lat' dir='ltr'><strong>argumenta</strong></span> <span class='ocrx_word' id='word_1_252' title='bbox 849 3157 993 3222; x_wconf 77' lang='lat' dir='ltr'><strong>refutare</strong></span> <span class='ocrx_word' id='word_1_253' title='bbox 1033 3157 1189 3221; x_wconf 92' lang='lat' dir='ltr'><strong>conabor.</strong></span> <span class='ocrx_word' id='word_1_254' title='bbox 1266 3156 1410 3223; x_wconf 90' lang='lat' dir='ltr'><strong>Peractis</strong></span> <span class='ocrx_word' id='word_1_255' title='bbox 1439 3158 1567 3222; x_wconf 89' lang='lat' dir='ltr'><strong>duobus</strong></span> <span class='ocrx_word' id='word_1_256' title='bbox 1601 3158 1695 3221; x_wconf 88' lang='lat' dir='ltr'><strong>annis</strong></span> <span class='ocrx_word' id='word_1_257' title='bbox 1729 3162 1761 3222; x_wconf 88' lang='lat' dir='ltr'><strong>et</strong></span> 
     </span>
     <span class='ocr_line' id='line_1_27' title="bbox 343 3258 1759 3344; baseline -0.001 -17"><span class='ocrx_word' id='word_1_258' title='bbox 343 3262 469 3344; x_wconf 89' lang='lat' dir='ltr'><strong>aliquot</strong></span> <span class='ocrx_word' id='word_1_259' title='bbox 508 3261 676 3325; x_wconf 90' lang='lat' dir='ltr'><strong>mensibus</strong></span> <span class='ocrx_word' id='word_1_260' title='bbox 714 3260 836 3324; x_wconf 89' lang='lat' dir='ltr'><strong>Paulus</strong></span> <span class='ocrx_word' id='word_1_261' title='bbox 881 3277 941 3342; x_wconf 94' lang='lat' dir='ltr'><strong>per</strong></span> <span class='ocrx_word' id='word_1_262' title='bbox 978 3258 1210 3325; x_wconf 90' lang='lat' dir='ltr'><strong>Macedoniam</strong></span> <span class='ocrx_word' id='word_1_263' title='bbox 1253 3266 1285 3324; x_wconf 90' lang='lat' dir='ltr'><strong>et</strong></span> <span class='ocrx_word' id='word_1_264' title='bbox 1328 3260 1485 3343; x_wconf 72' lang='lat' dir='ltr'><strong>achajam</strong></span> <span class='ocrx_word' id='word_1_265' title='bbox 1528 3261 1759 3341; x_wconf 89' lang='lat' dir='ltr'><strong>llierosolyma</strong></span> 
     </span>
     <span class='ocr_line' id='line_1_28' title="bbox 341 3362 1760 3447; baseline -0.002 -17"><span class='ocrx_word' id='word_1_266' title='bbox 341 3365 483 3447; x_wconf 89' lang='lat' dir='ltr'><strong>indeque</strong></span> <span class='ocrx_word' id='word_1_267' title='bbox 516 3365 656 3429; x_wconf 83' lang='lat' dir='ltr'><strong>Romam</strong></span> <span class='ocrx_word' id='word_1_268' title='bbox 689 3362 918 3445; x_wconf 83' lang='lat' dir='ltr'><strong>proficiscendi</strong></span> <span class='ocrx_word' id='word_1_269' title='bbox 951 3363 1036 3444; x_wconf 90' lang='lat' dir='ltr'><strong>cepit</strong></span> <span class='ocrx_word' id='word_1_270' title='bbox 1068 3363 1242 3426; x_wconf 90' lang='lat' dir='ltr'><strong>consilium</strong></span> <span class='ocrx_word' id='word_1_271' title='bbox 1276 3368 1308 3428; x_wconf 91' lang='lat' dir='ltr'><strong>et</strong></span> <span class='ocrx_word' id='word_1_272' title='bbox 1347 3364 1431 3429; x_wconf 91' lang='lat' dir='ltr'><strong>duos</strong></span> <span class='ocrx_word' id='word_1_273' title='bbox 1468 3365 1605 3427; x_wconf 87' lang='lat' dir='ltr'><strong>comites</strong></span> <span class='ocrx_word' id='word_1_274' title='bbox 1645 3364 1760 3428; x_wconf 89' lang='lat' dir='ltr'><strong>Timo·</strong></span> 
     </span>
     <span class='ocr_line' id='line_1_29' title="bbox 341 3464 1760 3549; baseline -0.001 -16"><span class='ocrx_word' id='word_1_275' title='bbox 341 3469 454 3534; x_wconf 89' lang='lat' dir='ltr'><strong>theum</strong></span> <span class='ocrx_word' id='word_1_276' title='bbox 480 3472 512 3530; x_wconf 89' lang='lat' dir='ltr'><strong>et</strong></span> <span class='ocrx_word' id='word_1_277' title='bbox 532 3466 684 3532; x_wconf 89' lang='lat' dir='ltr'><strong>Erastum</strong></span> <span class='ocrx_word' id='word_1_278' title='bbox 708 3466 747 3530; x_wconf 86' lang='lat' dir='ltr'><strong>in</strong></span> <span class='ocrx_word' id='word_1_279' title='bbox 764 3466 994 3531; x_wconf 89' lang='lat' dir='ltr'><strong>Macedoniam</strong></span> <span class='ocrx_word' id='word_1_280' title='bbox 1019 3466 1188 3548; x_wconf 89' lang='lat' dir='ltr'><strong>praemisit</strong></span> <span class='ocrx_word' id='word_1_281' title='bbox 1213 3466 1283 3547; x_wconf 90' lang='lat' dir='ltr'><strong>ipse</strong></span> <span class='ocrx_word' id='word_1_282' title='bbox 1309 3466 1510 3549; x_wconf 91' lang='lat' dir='ltr'><strong>aliquamdiu</strong></span> <span class='ocrx_word' id='word_1_283' title='bbox 1533 3464 1655 3548; x_wconf 92' lang='lat' dir='ltr'><strong>Ephesi</strong></span> <span class='ocrx_word' id='word_1_284' title='bbox 1667 3485 1760 3531; x_wconf 92' lang='lat' dir='ltr'><strong>com-</strong></span> 
     </span>
     <span class='ocr_line' id='line_1_30' title="bbox 341 3567 1759 3652; baseline -0.001 -17"><span class='ocrx_word' id='word_1_285' title='bbox 341 3577 499 3637; x_wconf 90' lang='lat' dir='ltr'><strong>moratus.</strong></span> <span class='ocrx_word' id='word_1_286' title='bbox 550 3568 758 3651; x_wconf 79' lang='lat' dir='ltr'><strong>Multitudine</strong></span> <span class='ocrx_word' id='word_1_287' title='bbox 784 3567 1044 3635; x_wconf 86' lang='lat' dir='ltr'><strong>Christianorum</strong></span> <span class='ocrx_word' id='word_1_288' title='bbox 1061 3567 1155 3632; x_wconf 92' lang='lat' dir='ltr'><strong>Pauli</strong></span> <span class='ocrx_word' id='word_1_289' title='bbox 1178 3585 1281 3652; x_wconf 87' lang='lat' dir='ltr'><strong>opera</strong></span> <span class='ocrx_word' id='word_1_290' title='bbox 1301 3569 1406 3635; x_wconf 88' lang='lat' dir='ltr'><strong>indies</strong></span> <span class='ocrx_word' id='word_1_291' title='bbox 1430 3570 1632 3634; x_wconf 90' lang='lat' dir='ltr'><strong>increscente</strong></span> <span class='ocrx_word' id='word_1_292' title='bbox 1654 3571 1759 3634; x_wconf 89' lang='lat' dir='ltr'><strong>cultus</strong></span> 
     </span>
     <span class='ocr_line' id='line_1_31' title="bbox 342 3671 1759 3752; baseline -0.001 -14"><span class='ocrx_word' id='word_1_293' title='bbox 342 3673 482 3740; x_wconf 89' lang='lat' dir='ltr'><strong>deorum</strong></span> <span class='ocrx_word' id='word_1_294' title='bbox 508 3677 540 3738; x_wconf 88' lang='lat' dir='ltr'><strong>et</strong></span> <span class='ocrx_word' id='word_1_295' title='bbox 566 3672 710 3737; x_wconf 83' lang='lat' dir='ltr'><strong>maxime</strong></span> <span class='ocrx_word' id='word_1_296' title='bbox 736 3671 864 3736; x_wconf 84' lang='lat' dir='ltr'><strong>Dianae</strong></span> <span class='ocrx_word' id='word_1_297' title='bbox 891 3672 1046 3752; x_wconf 91' lang='lat' dir='ltr'><strong>ephesiae</strong></span> <span class='ocrx_word' id='word_1_298' title='bbox 1074 3671 1217 3749; x_wconf 86' lang='lat' dir='ltr'><strong>evanuit,</strong></span> <span class='ocrx_word' id='word_1_299' title='bbox 1243 3689 1345 3752; x_wconf 90' lang='lat' dir='ltr'><strong>quare</strong></span> <span class='ocrx_word' id='word_1_300' title='bbox 1367 3673 1554 3737; x_wconf 89' lang='lat' dir='ltr'><strong>Demetrius</strong></span> <span class='ocrx_word' id='word_1_301' title='bbox 1577 3677 1759 3738; x_wconf 86' lang='lat' dir='ltr'><strong>statuarum</strong></span> 
     </span>
     <span class='ocr_line' id='line_1_32' title="bbox 341 3773 1760 3857; baseline 0.001 -17"><span class='ocrx_word' id='word_1_302' title='bbox 341 3774 467 3843; x_wconf 84' lang='lat' dir='ltr'><strong>Dianae</strong></span> <span class='ocrx_word' id='word_1_303' title='bbox 499 3782 729 3857; x_wconf 81' lang='lat' dir='ltr'><strong>argenteorum</strong></span> <span class='ocrx_word' id='word_1_304' title='bbox 762 3775 882 3840; x_wconf 82' lang='lat' dir='ltr'><strong>artifex</strong></span> <span class='ocrx_word' id='word_1_305' title='bbox 914 3774 996 3840; x_wconf 89' lang='lat' dir='ltr'><strong>lucri</strong></span> <span class='ocrx_word' id='word_1_306' title='bbox 1025 3773 1189 3856; x_wconf 88' lang='lat' dir='ltr'><strong>jacturam</strong></span> <span class='ocrx_word' id='word_1_307' title='bbox 1216 3774 1292 3839; x_wconf 88' lang='lat' dir='ltr'><strong>tecit</strong></span> <span class='ocrx_word' id='word_1_308' title='bbox 1318 3781 1350 3840; x_wconf 88' lang='lat' dir='ltr'><strong>et</strong></span> <span class='ocrx_word' id='word_1_309' title='bbox 1371 3775 1496 3842; x_wconf 89' lang='lat' dir='ltr'><strong>invidia</strong></span> <span class='ocrx_word' id='word_1_310' title='bbox 1521 3776 1673 3840; x_wconf 87' lang='lat' dir='ltr'><strong>incensus</strong></span> <span class='ocrx_word' id='word_1_311' title='bbox 1701 3776 1760 3841; x_wconf 88' lang='lat' dir='ltr'><strong>sti·</strong></span> 
     </span>
     <span class='ocr_line' id='line_1_33' title="bbox 341 3876 1761 3962; baseline 0.001 -18"><span class='ocrx_word' id='word_1_312' title='bbox 341 3881 477 3947; x_wconf 79' lang='lat' dir='ltr'><strong>mutavit</strong></span> <span class='ocrx_word' id='word_1_313' title='bbox 502 3879 713 3962; x_wconf 89' lang='lat' dir='ltr'><strong>popularium</strong></span> <span class='ocrx_word' id='word_1_314' title='bbox 738 3879 867 3943; x_wconf 89' lang='lat' dir='ltr'><strong>animos</strong></span> <span class='ocrx_word' id='word_1_315' title='bbox 893 3883 925 3941; x_wconf 94' lang='lat' dir='ltr'><strong>et</strong></span> <span class='ocrx_word' id='word_1_316' title='bbox 949 3894 1106 3958; x_wconf 89' lang='lat' dir='ltr'><strong>magnum</strong></span> <span class='ocrx_word' id='word_1_317' title='bbox 1132 3876 1307 3941; x_wconf 89' lang='lat' dir='ltr'><strong>tumultum</strong></span> <span class='ocrx_word' id='word_1_318' title='bbox 1332 3884 1447 3944; x_wconf 89' lang='lat' dir='ltr'><strong>contra</strong></span> <span class='ocrx_word' id='word_1_319' title='bbox 1471 3879 1610 3945; x_wconf 90' lang='lat' dir='ltr'><strong>Paulum</strong></span> <span class='ocrx_word' id='word_1_320' title='bbox 1636 3881 1761 3945; x_wconf 78' lang='lat' dir='ltr'><strong>excita-</strong></span> 
     </span>
     <span class='ocr_line' id='line_1_34' title="bbox 340 3966 1759 4065; baseline 0.001 -20"><span class='ocrx_word' id='word_1_321' title='bbox 340 3983 406 4062; x_wconf 82' lang='lat' dir='ltr'><strong>vit,</strong></span> <span class='ocrx_word' id='word_1_322' title='bbox 423 3999 499 4065; x_wconf 92' lang='lat' dir='ltr'><strong>quo</strong></span> <span class='ocrx_word' id='word_1_323' title='bbox 526 3966 658 4048; x_wconf 73' lang='lat' dir='ltr'><strong>mndem</strong></span> <span class='ocrx_word' id='word_1_324' title='bbox 684 3980 819 4058; x_wconf 90' lang='lat' dir='ltr'><strong>sedato,</strong></span> <span class='ocrx_word' id='word_1_325' title='bbox 847 3997 914 4044; x_wconf 90' lang='lat' dir='ltr'><strong>non</strong></span> <span class='ocrx_word' id='word_1_326' title='bbox 940 3980 1072 4062; x_wconf 88' lang='lat' dir='ltr'><strong>quidem</strong></span> <span class='ocrx_word' id='word_1_327' title='bbox 1099 3985 1251 4057; x_wconf 90' lang='lat' dir='ltr'><strong>coactus,</strong></span> <span class='ocrx_word' id='word_1_328' title='bbox 1280 3981 1338 4045; x_wconf 89' lang='lat' dir='ltr'><strong>sed</strong></span> <span class='ocrx_word' id='word_1_329' title='bbox 1365 3987 1474 4046; x_wconf 89' lang='lat' dir='ltr'><strong>tamen</strong></span> <span class='ocrx_word' id='word_1_330' title='bbox 1496 3987 1681 4047; x_wconf 89' lang='lat' dir='ltr'><strong>commotus</strong></span> <span class='ocrx_word' id='word_1_331' title='bbox 1707 3988 1759 4047; x_wconf 92' lang='lat' dir='ltr'><strong>tu·</strong></span> 
     </span>
     <span class='ocr_line' id='line_1_35' title="bbox 341 4082 1763 4169; baseline 0.001 -20"><span class='ocrx_word' id='word_1_332' title='bbox 341 4085 446 4150; x_wconf 89' lang='lat' dir='ltr'><strong>multu</strong></span> <span class='ocrx_word' id='word_1_333' title='bbox 475 4085 633 4150; x_wconf 83' lang='lat' dir='ltr'><strong>valedixit</strong></span> <span class='ocrx_word' id='word_1_334' title='bbox 663 4085 785 4150; x_wconf 90' lang='lat' dir='ltr'><strong>Paulus</strong></span> <span class='ocrx_word' id='word_1_335' title='bbox 817 4083 985 4166; x_wconf 85' lang='lat' dir='ltr'><strong>discipulis</strong></span> <span class='ocrx_word' id='word_1_336' title='bbox 1016 4088 1049 4147; x_wconf 90' lang='lat' dir='ltr'><strong>et</strong></span> <span class='ocrx_word' id='word_1_337' title='bbox 1072 4083 1107 4147; x_wconf 90' lang='lat' dir='ltr'><strong>in</strong></span> <span class='ocrx_word' id='word_1_338' title='bbox 1132 4082 1364 4148; x_wconf 88' lang='lat' dir='ltr'><strong>Macedoniam</strong></span> <span class='ocrx_word' id='word_1_339' title='bbox 1389 4085 1476 4149; x_wconf 89' lang='lat' dir='ltr'><strong>circa</strong></span> <span class='ocrx_word' id='word_1_340' title='bbox 1501 4084 1620 4149; x_wconf 89' lang='lat' dir='ltr'><strong>testum</strong></span> <span class='ocrx_word' id='word_1_341' title='bbox 1646 4089 1763 4169; x_wconf 88' lang='lat' dir='ltr'><strong>pente·</strong></span> 
     </span>
     <span class='ocr_line' id='line_1_36' title="bbox 341 4186 1763 4255; baseline 0 -3"><span class='ocrx_word' id='word_1_342' title='bbox 341 4191 448 4252; x_wconf 89' lang='lat' dir='ltr'><strong>costes</strong></span> <span class='ocrx_word' id='word_1_343' title='bbox 469 4205 499 4252; x_wconf 85' lang='lat' dir='ltr'><strong>a.</strong></span> <span class='ocrx_word' id='word_1_344' title='bbox 524 4188 617 4255; x_wconf 88' lang='lat' dir='ltr'><strong>LVll.</strong></span> <span class='ocrx_word' id='word_1_345' title='bbox 646 4189 736 4253; x_wconf 89' lang='lat' dir='ltr'><strong>abiit.</strong></span> <span class='ocrx_word' id='word_1_346' title='bbox 787 4186 941 4251; x_wconf 88' lang='lat' dir='ltr'><strong>Ecclesiis</strong></span> <span class='ocrx_word' id='word_1_347' title='bbox 964 4186 1181 4252; x_wconf 89' lang='lat' dir='ltr'><strong>Macedoniae</strong></span> <span class='ocrx_word' id='word_1_348' title='bbox 1206 4187 1406 4253; x_wconf 86' lang='lat' dir='ltr'><strong>confirmatis</strong></span> <span class='ocrx_word' id='word_1_349' title='bbox 1429 4188 1570 4251; x_wconf 87' lang='lat' dir='ltr'><strong>hiemem</strong></span> <span class='ocrx_word' id='word_1_350' title='bbox 1598 4188 1763 4253; x_wconf 85' lang='lat' dir='ltr'><strong>verisimi-</strong></span> 
     </span>
     <span class='ocr_line' id='line_1_37' title="bbox 341 4282 1764 4372; baseline -0.001 -17"><span class='ocrx_word' id='word_1_351' title='bbox 341 4291 417 4355; x_wconf 91' lang='lat' dir='ltr'><strong>liter</strong></span> <span class='ocrx_word' id='word_1_352' title='bbox 445 4288 596 4372; x_wconf 90' lang='lat' dir='ltr'><strong>Nicopoli</strong></span> <span class='ocrx_word' id='word_1_353' title='bbox 629 4289 806 4371; x_wconf 84' lang='lat' dir='ltr'><strong>transegit,</strong></span> <span class='ocrx_word' id='word_1_354' title='bbox 842 4307 942 4370; x_wconf 89' lang='lat' dir='ltr'><strong>quum</strong></span> <span class='ocrx_word' id='word_1_355' title='bbox 975 4290 1072 4356; x_wconf 89' lang='lat' dir='ltr'><strong>Rom.</strong></span> <span class='ocrx_word' id='word_1_356' title='bbox 1104 4288 1173 4366; x_wconf 83' lang='lat' dir='ltr'><strong>XV,</strong></span> <span class='ocrx_word' id='word_1_357' title='bbox 1193 4282 1256 4369; x_wconf 84' lang='lat'><strong>19,</strong></span> <span class='ocrx_word' id='word_1_358' title='bbox 1284 4309 1368 4372; x_wconf 92' lang='lat' dir='ltr'><strong>quae</strong></span> <span class='ocrx_word' id='word_1_359' title='bbox 1393 4291 1532 4372; x_wconf 90' lang='lat' dir='ltr'><strong>epistola</strong></span> <span class='ocrx_word' id='word_1_360' title='bbox 1556 4293 1658 4372; x_wconf 88' lang='lat' dir='ltr'><strong>paulo</strong></span> <span class='ocrx_word' id='word_1_361' title='bbox 1684 4298 1764 4355; x_wconf 88' lang='lat' dir='ltr'><strong>ante·</strong></span> 
     </span>
     <span class='ocr_line' id='line_1_38' title="bbox 339 4391 1764 4476; baseline -0.001 -17"><span class='ocrx_word' id='word_1_362' title='bbox 339 4395 404 4459; x_wconf 89' lang='lat' dir='ltr'><strong>iter</strong></span> <span class='ocrx_word' id='word_1_363' title='bbox 432 4392 582 4457; x_wconf 92' lang='lat' dir='ltr'><strong>ultimum</strong></span> <span class='ocrx_word' id='word_1_364' title='bbox 616 4391 948 4473; x_wconf 73' lang='lat' dir='ltr'><strong>hierosolymitanum</strong></span> <span class='ocrx_word' id='word_1_365' title='bbox 973 4394 1094 4475; x_wconf 89' lang='lat' dir='ltr'><strong>scripta</strong></span> <span class='ocrx_word' id='word_1_366' title='bbox 1120 4398 1185 4469; x_wconf 91' lang='lat' dir='ltr'><strong>est,</strong></span> <span class='ocrx_word' id='word_1_367' title='bbox 1210 4409 1247 4457; x_wconf 92' lang='lat' dir='ltr'><strong>se</strong></span> <span class='ocrx_word' id='word_1_368' title='bbox 1271 4392 1441 4476; x_wconf 88' lang='lat' dir='ltr'><strong>usquead</strong></span> <span class='ocrx_word' id='word_1_369' title='bbox 1467 4393 1631 4475; x_wconf 90' lang='lat' dir='ltr'><strong>illyricum</strong></span> <span class='ocrx_word' id='word_1_370' title='bbox 1659 4410 1764 4458; x_wconf 82' lang='lat' dir='ltr'><strong>eran·</strong></span> 
     </span>
     <span class='ocr_line' id='line_1_39' title="bbox 340 4494 1759 4579; baseline -0.001 -19"><span class='ocrx_word' id='word_1_371' title='bbox 340 4494 463 4578; x_wconf 90' lang='lat' dir='ltr'><strong>getium</strong></span> <span class='ocrx_word' id='word_1_372' title='bbox 488 4495 695 4577; x_wconf 88' lang='lat' dir='ltr'><strong>praedicasse</strong></span> <span class='ocrx_word' id='word_1_373' title='bbox 719 4496 851 4571; x_wconf 74' lang='lat' dir='ltr'><strong>diceret,</strong></span> <span class='ocrx_word' id='word_1_374' title='bbox 872 4495 990 4560; x_wconf 90' lang='lat' dir='ltr'><strong>deinde</strong></span> <span class='ocrx_word' id='word_1_375' title='bbox 1017 4501 1081 4560; x_wconf 88' lang='lat' dir='ltr'><strong>tres</strong></span> <span class='ocrx_word' id='word_1_376' title='bbox 1106 4512 1236 4559; x_wconf 88' lang='lat' dir='ltr'><strong>menses</strong></span> <span class='ocrx_word' id='word_1_377' title='bbox 1263 4494 1411 4562; x_wconf 88' lang='lat' dir='ltr'><strong>Corinthi</strong></span> <span class='ocrx_word' id='word_1_378' title='bbox 1436 4502 1469 4560; x_wconf 91' lang='lat' dir='ltr'><strong>et</strong></span> <span class='ocrx_word' id='word_1_379' title='bbox 1484 4498 1518 4561; x_wconf 91' lang='lat' dir='ltr'><strong>ia</strong></span> <span class='ocrx_word' id='word_1_380' title='bbox 1532 4497 1654 4579; x_wconf 80' lang='lat' dir='ltr'><strong>Achay&#39;a</strong></span> <span class='ocrx_word' id='word_1_381' title='bbox 1677 4513 1759 4560; x_wconf 90' lang='lat' dir='ltr'><strong>con-</strong></span> 
     </span>
     <span class='ocr_line' id='line_1_40' title="bbox 339 4597 1758 4682; baseline -0.001 -19"><span class='ocrx_word' id='word_1_382' title='bbox 339 4598 478 4682; x_wconf 88' lang='lat' dir='ltr'><strong>sumpsit</strong></span> <span class='ocrx_word' id='word_1_383' title='bbox 504 4602 536 4662; x_wconf 88' lang='lat' dir='ltr'><strong>et</strong></span> <span class='ocrx_word' id='word_1_384' title='bbox 558 4598 645 4665; x_wconf 91' lang='lat' dir='ltr'><strong>circa</strong></span> <span class='ocrx_word' id='word_1_385' title='bbox 668 4601 788 4664; x_wconf 87' lang='lat' dir='ltr'><strong>tastum</strong></span> <span class='ocrx_word' id='word_1_386' title='bbox 812 4600 964 4681; x_wconf 87' lang='lat' dir='ltr'><strong>paschale</strong></span> <span class='ocrx_word' id='word_1_387' title='bbox 986 4616 1017 4664; x_wconf 88' lang='lat' dir='ltr'><strong>a.</strong></span> <span class='ocrx_word' id='word_1_388' title='bbox 1030 4597 1137 4664; x_wconf 86' lang='lat' dir='ltr'><strong>Lvtll.</strong></span> <span class='ocrx_word' id='word_1_389' title='bbox 1156 4597 1313 4681; x_wconf 85' lang='lat' dir='ltr'><strong>Philippis</strong></span> <span class='ocrx_word' id='word_1_390' title='bbox 1338 4599 1569 4682; x_wconf 88' lang='lat' dir='ltr'><strong>Hierosolyma</strong></span> <span class='ocrx_word' id='word_1_391' title='bbox 1594 4598 1758 4681; x_wconf 88' lang='lat' dir='ltr'><strong>protectus</strong></span> 
     </span>
     <span class='ocr_line' id='line_1_41' title="bbox 340 4699 1757 4784; baseline -0.002 -17"><span class='ocrx_word' id='word_1_392' title='bbox 340 4707 398 4769; x_wconf 79' lang='lat' dir='ltr'><strong>est</strong></span> <span class='ocrx_word' id='word_1_393' title='bbox 450 4699 688 4770; x_wconf 87' lang='lat' dir='ltr'><strong>Comitantibus</strong></span> <span class='ocrx_word' id='word_1_394' title='bbox 714 4701 855 4784; x_wconf 90' lang='lat' dir='ltr'><strong>Sopatro</strong></span> <span class='ocrx_word' id='word_1_395' title='bbox 882 4703 1063 4783; x_wconf 87' lang='lat' dir='ltr'><strong>Beroeaeo,</strong></span> <span class='ocrx_word' id='word_1_396' title='bbox 1086 4702 1276 4768; x_wconf 79' lang='lat' dir='ltr'><strong>Aristarcho</strong></span> <span class='ocrx_word' id='word_1_397' title='bbox 1301 4707 1333 4768; x_wconf 91' lang='lat' dir='ltr'><strong>et</strong></span> <span class='ocrx_word' id='word_1_398' title='bbox 1359 4701 1525 4784; x_wconf 88' lang='lat' dir='ltr'><strong>Secundo,</strong></span> <span class='ocrx_word' id='word_1_399' title='bbox 1547 4700 1757 4768; x_wconf 86' lang='lat' dir='ltr'><strong>Thessaloni·</strong></span> 
     </span>
    </p>
   </div>
   <div class='ocr_carea' id='block_1_4' title="bbox 0 0 2180 5586">
    <p class='ocr_par' dir='ltr' id='par_1_6' title="bbox 0 0 2180 5586">
     <span class='ocr_line' id='line_1_42' title="bbox 0 0 2180 5586; baseline 0 3"><span class='ocrx_word' id='word_1_400' title='bbox 0 0 2180 5586; x_wconf 95' lang='lat' dir='ltr'><strong> </strong></span> 
     </span>
    </p>
   </div>
  </div>
 </body>
</html>
