4350 5586
1085 520 1104 583 t
1206 544 1215 579 ι

504 695 535 764 l.
586 699 864 764 Testimoniorum
890 698 987 778 longe
1014 697 1242 777 gravissimum
1269 703 1318 762 est
1344 698 1435 763 locus
1456 700 1489 763 in
1517 697 1617 765 Clam.
1633 700 1729 766 llom.
1755 719 1805 787 ep.

386 804 429 868 ad
463 801 651 869 Corinthios
688 819 760 883 cap.
803 796 845 867 5:
894 791 977 872 Δοοί
1009 790 1128 892 ζῆλον
1164 786 1181 872 ὅ
1212 798 1372 873 Παῦλος
1407 789 1589 887 discussis
1621 792 1807 898 βραβεῖον

386 898 585 995 ἷέπεοχῙεν,
619 893 782 977 ἑπτάκις
817 888 937 990 δεσμοὶ
964 891 1128 1000 φορῆοας
1155 891 1449 1000 [φαγαῌοοθεῖα
1474 897 1705 987 triscuria,
1737 904 1805 987 κνῖ-

386 997 457 1106 ρυξ
486 995 701 1096 [γενόμενος
732 998 774 1078 ἔν
808 1030 854 1078 τε
888 1003 938 1096 τῇ
971 994 1148 1097 α’νατολρῐ
1177 996 1247 1079 καὶ
1274 1004 1316 1078 ἑν
1346 1004 1398 1098 spi
1424 990 1522 1078 dian
1547 997 1611 1079 τὸν
1628 1006 1804 1125 ρενναῗον

386 1104 638 1192 calculatores
675 1096 795 1182 αὐτοῦ
822 1099 936 1182 κλέος
968 1101 1142 1196 ἔλαβεν·
1178 1094 1410 1196 δικαιοσύνην
1442 1093 1594 1201 διδάξας
1625 1107 1713 1183 ολον
1739 1102 1805 1183 τόν

384 1202 524 1293 κόσμον
550 1199 630 1300 [καὶ
655 1201 729 1299 ἐπὶ]
756 1201 800 1282 sd
826 1202 949 1307 τέρμα
976 1211 1045 1294 τοῖς
1069 1196 1202 1284 δύσεως
1227 1201 1366 1285 ἐλθών
1388 1202 1457 1284 καὶ
1476 1200 1717 1307 μαρτυρήσας
1738 1205 1805 1285 tnl

275 1377 282 1387 .
384 1313 460 1388 τῶν
487 1305 722 1405 ἡγουμένων,
752 1298 869 1387 οὕτως
901 1300 1125 1405 οἱπηλλοῖγν
1157 1310 1228 1386 τοῦ
1260 1302 1397 1401 κόσμου
1428 1302 1497 1386 καὶ
1530 1307 1580 1387 οἷς
1606 1305 1672 1386 cdv
1695 1300 1804 1404 ἅγιον
1910 1399 1916 1413 .

384 1407 499 1492 τόπον
522 1405 728 1512 ἐπορεύθη,
751 1405 937 1505 sinopensis
961 1409 1138 1507 μέγιστος
1162 1404 1418 1511 ὁπογραμμὸο.
1466 1417 1660 1498 Priusquam
1689 1418 1732 1482 ad
1752 1417 1805 1483 lo·

383 1539 460 1586 cum
486 1518 732 1602 disquirendum
758 1518 963 1601 progrediar,
984 1520 1166 1586 notandum
1192 1520 1273 1584 milri
1298 1524 1363 1597 est,
1389 1521 1502 1585 omnia
1527 1521 1656 1585 uncinis
1678 1521 1804 1588 inclusa

384 1642 452 1690 non
478 1625 542 1706 legi
568 1625 602 1688 in
626 1623 741 1687 codice
765 1621 1000 1700 alexandrino,
1027 1625 1061 1688 in
1087 1640 1154 1706 quo
1181 1639 1248 1687 uno
1269 1622 1407 1704 epistola
1425 1622 1481 1687 illa
1507 1620 1683 1689 Clementis
1708 1622 1804 1690 nobis

382 1734 513 1793 servata
539 1732 605 1804 est,
639 1725 697 1791 sed
725 1743 796 1790 csse
819 1726 1024 1808 coniecturas
1049 1727 1158 1804 lunii,
1185 1727 1241 1808 qui
1260 1726 1386 1808 primus
1409 1726 1581 1807 epistolam
1609 1727 1665 1792 diu
1692 1724 1804 1810 perdi·

304 1817 305 1821 ’
382 1838 449 1897 tam
483 1830 623 1895 restituit
655 1834 688 1893 et
723 1829 822 1894 edidit
848 1828 972 1896 Oxonii
1002 1821 1111 1896 1633.
1170 1827 1204 1894 Si
1229 1830 1340 1893 locum
1366 1829 1473 1911 ipsum
1496 1835 1693 1911 spectamus,
1728 1828 1804 1896 Cle·

382 1950 493 2011 mens,
528 1930 740 1999 hauddubie
766 1932 861 1997 Pauli
885 1932 1033 2014 aequalis
1059 1939 1092 1998 et
1116 1931 1199 1997 Phil.
1223 1932 1275 2012 lv,
1302 1923 1324 1998 3
1353 1941 1646 2011 commemoratus,
1681 1939 1805 2012 namet,

380 2038 520 2103 Paulum
554 2042 689 2118 propter
721 2036 822 2099 animi
851 2035 1017 2100 fervorem
1043 2036 1163 2100 multos
1185 2036 1299 2099 tulisse
1325 2035 1456 2101 labores
1481 2040 1514 2099 et
1539 2054 1640 2117 quum
1666 2036 1802 2101 orientis
1936 2042 1938 2048 '

382 2146 414 2205 et
438 2139 616 2204 occidentis
648 2139 789 2221 populos
823 2138 988 2204 docuisset
1013 2145 1111 2221 atque
1138 2137 1305 2204 adfinem
1331 2155 1436 2221 usque
1456 2139 1634 2205 occidentis
1657 2142 1803 2205 venisset

383 2242 520 2330 (retenta
545 2242 634 2306 Junii
654 2241 844 2323 conlectura
867 2228 929 2313 καὶ
954 2232 1019 2315 ἐπὶ
1045 2232 1089 2315 τὰ
1114 2232 1249 2335 τέρμα)
1272 2257 1386 2306 eoram
1412 2243 1611 2326 principibus
1638 2241 1679 2306 de
1705 2236 1804 2308 Chriss

380 2353 432 2413 sto
461 2350 614 2411 testatum
639 2345 801 2426 supplicio
825 2343 979 2411 allectum
1006 2362 1088 2410 esse.
1139 2344 1233 2409 Multi
1248 2346 1309 2409 viri
1331 2344 1521 2424 doctissimi,
1548 2347 1604 2429 qui
1620 2334 1800 2439 τδτέρμα

379 2449 449 2533 τῆς
472 2433 608 2522 δύσεως
629 2447 675 2511 uil
701 2447 790 2513 aliud
817 2465 916 2530 quam
940 2448 1131 2531 Hispaniam
1157 2464 1231 2512 esse
1254 2447 1508 2528 contenderent,
1532 2450 1575 2515 ad
1599 2463 1697 2531 quam
1722 2464 1801 2512 sen-

379 2552 514 2618 tentiam
539 2550 695 2616 tuendam
722 2553 822 2616 etiam
846 2551 942 2616 llom.
966 2550 1035 2631 XV,
1062 2541 1122 2616 24.
1146 2567 1215 2631 seq.
1243 2551 1437 2632 allegabant,
1463 2552 1521 2616 ubi
1545 2552 1667 2625 Paulus
1680 2550 1799 2633 Hispa·

379 2657 468 2722 niam
493 2653 641 2721 adeundi*
660 2656 836 2719 consilium
861 2651 1015 2733 declarat,
1040 2659 1073 2718 et
1098 2653 1154 2736 qui
1180 2660 1352 2736 praetcrea
1375 2656 1485 2719 verbis
1508 2643 1573 2727 ἐπὶ
1594 2653 1671 2727 τῶν
1690 2643 1800 2744 ἦγον.

380 2751 501 2848 μένων
524 2758 702 2823 indicatum
723 2774 795 2822 esse
820 2761 982 2839 putarent,
1009 2774 1050 2821 eo
1074 2761 1223 2840 tempore
1249 2765 1389 2823 mortem
1415 2759 1537 2823 obiisse
1556 2738 1706 2834 Paulum,
1732 2774 1798 2838 quo

378 2861 511 2930 Nerone
532 2862 565 2925 in
592 2859 732 2927 Graecia
758 2865 908 2925 versante
933 2860 1112 2943 Tigellinus
1139 2865 1171 2924 et
1195 2859 1409 2944 Nymphidius
1434 2861 1574 2943 imperio
1599 2865 1798 2944 praeessent,

381 2960 480 3051 (anno
506 2963 629 3032 LXllll.
655 2982 687 3046 p.
714 2959 760 3050 C.)
792 2969 905 3046 aperte
940 2969 972 3029 et
997 2963 1177 3028 clarissime
1203 2980 1246 3029 ex
1271 2970 1385 3028 nostro
1413 2966 1488 3030 loco
1514 2965 1607 3046 sequi
1634 2964 1797 3040 dixerunt,

378 3068 518 3133 Paulum
551 3069 659 3151 prima
691 3067 877 3148 captivitate
912 3068 1056 3131 solutum
1084 3066 1275 3149 Hispaniam
1308 3066 1427 3133 adiisse
1456 3070 1641 3148 iterumque
1666 3073 1797 3148 captum

379 3175 411 3236 et
434 3169 567 3236 Nerone
592 3171 699 3237 Roma
724 3170 860 3235 absente
887 3171 929 3235 ab
964 3171 1029 3235 illis
1064 3169 1204 3252 imperio
1237 3170 1411 3253 praetectls
1446 3172 1607 3254 supplicio
1641 3169 1795 3234 affectum

378 3290 460 3338 esse.
520 3273 584 3338 Sed
606 3274 708 3338 multa
734 3273 812 3338 huic
836 3274 1017 3338 sententiae
1040 3273 1181 3338 obstant
1241 3273 1387 3340 Primum
1425 3275 1513 3339 enim
1544 3271 1633 3356 quod
1657 3273 1728 3354 lam
1750 3273 1795 3359 ‚in

378 3375 546 3442 allerendo
578 3382 670 3442 textu
695 3375 826 3453 notavi,
861 3376 964 3441 verba
989 3393 1076 3459 quae
1101 3375 1270 3441 cardinem
1293 3379 1475 3458 argumenti
1501 3379 1688 3453 continent,
1727 3392 1795 3438 non

379 3479 505 3561 integra
536 3480 570 3547 in
596 3478 712 3544 codice
737 3479 964 3562 reperiuntur,
998 3477 1056 3544 sed
1082 3480 1272 3562 conjectura
1298 3481 1447 3563 suppleta
1470 3485 1562 3550 sunt.
1599 3483 1635 3543 ut
1661 3477 1795 3542 dubium

379 3589 466 3648 certe
499 3583 558 3660 sit,
592 3587 702 3647 utrum
728 3579 809 3664 ἐπι,
838 3599 881 3646 an
907 3571 979 3655 ὖπό
1006 3580 1095 3664 quod
1121 3582 1283 3647 Wieseler
1307 3584 1394 3659 vult,
1427 3599 1471 3650 an
1496 3583 1560 3648 alia
1590 3580 1729 3663 legenda
1753 3581 1796 3645 sit

378 3686 579 3768 praepositio
607 3705 635 3752 r.
662 3703 690 3750 ο.
715 3672 781 3768 οἱς;
808 3701 888 3765 erqo
913 3689 1028 3749 nostro
1055 3684 1130 3749 loco
1163 3685 1419 3767 haudquaquam
1450 3691 1574 3751 certum
1609 3690 1641 3748 et
1670 3682 1796 3748 consti·

376 3793 481 3854 tutum
507 3795 565 3869 est,
592 3788 793 3856 Clementem
820 3786 928 3852 dicere
953 3788 1092 3853 Paulum
1117 3805 1223 3869 usque
1250 3788 1293 3852 ad
1313 3788 1463 3852 ultimum
1490 3787 1668 3854 occidentis
1693 3787 1793 3852 linem

375 3892 574 3973 pervenisse,
599 3894 656 3957 sed
684 3908 785 3973 quum
807 3891 932 3955 incerta
955 3891 997 3955 sit
1022 3891 1137 3969 lectio,
1164 3890 1273 3956 dicere
1296 3892 1393 3956 etiam
1420 3896 1547 3974 potest,
1571 3890 1710 3955 Paulum
1734 3907 1795 3955 co·

377 4011 448 4058 ram
473 3993 615 4062 Caesare
639 4011 770 4060 summo
793 3993 971 4058 occidentis
994 3993 1104 4076 judice
1129 4011 1198 4058 rem
1217 4012 1311 4058 snam
1335 3995 1461 4076 egisse,
1497 4000 1532 4060 ut
1555 3993 1721 4058 Wiesoler
1741 3994 1796 4058 in·

375 4103 590 4178 terpretatur.
627 4104 684 4164 aut
715 4097 742 4160 si
766 4085 1040 4180 praepositionis
1064 4097 1287 4178 praeferatur,
1311 4097 1450 4163 Paulum
1475 4097 1510 4163 in
1532 4097 1663 4161 ultimas
1687 4114 1795 4179 prope

376 4197 553 4267 occidentis
578 4211 683 4267 terras
700 4217 912 4282 progressum
931 4217 1013 4266 esse.
1064 4198 1204 4266 Diltiteri
1225 4218 1291 4265 non
1307 4219 1442 4282 possum
1462 4201 1669 4275 sententiam,
1693 4216 1794 4282 quam

374 4302 524 4367 ultimam
557 4305 739 4379 attulerim,
770 4302 812 4369 ad
845 4309 996 4367 naturam
1024 4304 1123 4368 totius
1157 4304 1241 4381 loci,
1278 4305 1470 4386 praesertim
1497 4303 1524 4368 si
1548 4303 1695 4368 colorem
1722 4303 1793 4384 ejus

374 4421 577 4488 magnopere
613 4407 796 4472 oratorium
830 4406 1007 4488 respicias,
1037 4407 1117 4470 mihi
1148 4406 1252 4472 videri
1282 4408 1485 4489 aptissimam
1517 4413 1549 4471 et
1582 4406 1795 4489 conjecturae

373 4508 632 4574 Wiesolerianae
656 4527 842 4592 repugnare
869 4515 901 4574 et
926 4508 1132 4587 inusitatam,
1166 4525 1265 4592 quam
1295 4510 1398 4574 verbo
1424 4500 1547 4603 τέρμα
1572 4509 1722 4575 tribuerit
1746 4506 1793 4573 si·

374 4611 618 4693 gnificationem
643 4630 745 4695 quum
770 4619 896 4677 tantum
922 4612 1122 4678 indictione
1151 4604 1275 4707 τέρμα
1309 4605 1414 4701 ἔχειν
1447 4613 1538 4678 illam
1569 4616 1637 4679 vim
1671 4614 1792 4678 lrabeat

373 4705 496 4811 τέρμα
528 4720 560 4780 et
591 4733 715 4781 noxum
737 4717 973 4783 sententiarum
995 4717 1072 4799 qui,
1101 4717 1254 4798 proxime
1280 4715 1547 4783 antecedentibus
1572 4715 1612 4788 ἐν
1638 4698 1733 4789 δύσεο
1758 4720 1791 4777 et
