4350 5586
1086 499 1107 562 3

386 682 610 757 continerent,
642 694 727 760 quae
751 677 845 742 Pauli
872 676 1038 758 cogitandi
1059 680 1091 740 et
1117 677 1246 742 dicendi
1268 679 1397 759 generis
1423 697 1490 744 non
1518 687 1626 748 essent
1659 682 1805 764 propria,

384 803 453 850 non
479 785 526 849 itti
551 781 624 866 ipsi,
647 779 705 845 sed
732 779 893 863 discipulo
917 779 1014 844 alicui
1036 778 1208 861 adscripsit
1234 798 1309 846 eum
1336 783 1369 845 in
1395 783 1540 862 modum,
1561 790 1596 850 nt
1612 784 1733 850 Paulus
1750 802 1804 850 res
1867 848 1870 857 ,

385 905 471 969 qnae
505 882 699 955 scribendae
734 889 842 947 essent
873 882 1034 965 discipulo
1061 882 1267 959 mandasset,
1305 884 1359 948 hio
1386 903 1465 950 vero
1491 888 1563 952 illas
1587 888 1622 951 in
1645 889 1804 968 epistolae

385 988 527 1055 sormam
560 986 747 1067 redegisset
808 983 883 1065 Qua
913 973 1075 1049 sententia
1108 986 1204 1067 plane
1234 989 1412 1068 reprobata
1441 988 1529 1053 Banr
1562 991 1595 1053 in
1619 990 1703 1053 libro
1722 1007 1803 1054 suo:

383 1091 551 1176 Epistolae
569 1108 654 1173 quae
673 1089 824 1153 dicuntur
841 1089 1023 1171 pastorales
1042 1087 1152 1152 denuo
1174 1087 1284 1153 critice
1301 1091 1502 1172 exploratae.
1522 1092 1689 1172 Tiihingae
1705 1083 1801 1158 1835

384 1212 499 1260 omnes
533 1198 599 1258 tres
632 1191 786 1274 epistolas
821 1191 947 1256 Romae
978 1189 1019 1255 ad
1048 1191 1312 1273 componendam
1345 1192 1561 1272 discordiam,
1600 1212 1684 1276 quae
1719 1195 1803 1259 inter

382 1297 595 1362 Marcionitas
619 1300 651 1359 et
674 1293 1000 1360 ludaeocbristianos
1027 1299 1145 1359 exorta
1171 1300 1272 1371 esset,
1310 1295 1420 1360 medlo
1453 1297 1522 1362 tere
1555 1297 1701 1362 secundo
1728 1314 1803 1361 sae·

383 1402 459 1466 culo
485 1418 506 1465 a
530 1403 692 1463 sectatore
718 1395 861 1478 quodam
886 1396 980 1462 Pauli
1006 1396 1208 1480 conscriptas
1235 1403 1267 1461 et
1287 1396 1390 1463 editas
1408 1417 1479 1463 esse
1499 1399 1674 1479 contendit,
1700 1399 1803 1465 hanc·
1870 1455 1871 1458 ,

383 1520 447 1586 qne
472 1502 667 1566 sententiam
690 1501 789 1564 etiam
812 1500 848 1563 iu
870 1500 977 1563 libro:
1010 1498 1131 1564 Paulus
1156 1501 1335 1583 apostolus.
1361 1501 1529 1583 Tiibingae
1545 1494 1654 1569 1845.
1677 1520 1802 1585 propo·
1896 1590 1899 1593 Ι

382 1607 447 1670 suit
471 1611 568 1686 atque
590 1608 714 1670 certam
740 1603 1015 1684 constitutamque
1039 1601 1225 1670 affirmavit
1277 1601 1424 1669 Credner
1448 1604 1589 1688 deniqne
1614 1610 1647 1669 et
1670 1604 1803 1672 Nende·

382 1709 461 1774 cher
485 1709 519 1771 in
542 1705 839 1772 introductionibus
866 1706 899 1769 in
926 1704 964 1770 N.
991 1705 1027 1786 T.
1053 1705 1157 1771 llatae
1176 1696 1273 1772 1836
1295 1712 1327 1770 et
1351 1705 1479 1790 Lipsiae
1496 1700 1604 1774 1840.
1630 1713 1806 1790 utramque.

380 1811 423 1876 ad
448 1811 657 1876 Timotheum
680 1808 853 1891 epistolam
879 1808 1116 1891 reprobarunt,
1150 1809 1193 1873 ad
1219 1809 1326 1873 Titum
1361 1815 1471 1875 autem
1501 1811 1673 1893 epistolam
1700 1829 1801 1877 exce-

379 1914 443 1997 ptis
461 1915 485 1990 l,
516 1905 615 1978 1-4
630 1917 666 1977 nt
683 1912 860 1992 genuinam
877 1910 1104 1990 defenderunt,
1127 1910 1289 1995 adquam
1310 1914 1504 1978 sententiam
1524 1912 1678 1978 tuendam
1698 1912 1801 1980 Cred·
1863 2003 1864 2008 ἵ

379 2034 440 2082 ner
474 2021 660 2105 monstrare
693 2012 833 2091 studuit,
868 2015 1042 2097 epistolam
1065 2013 1108 2080 ad
1133 2015 1242 2081 Titum
1267 2013 1389 2081 editam
1415 2033 1487 2080 esse
1512 2015 1624 2081 addito
1651 2016 1801 2096 exordio,

379 2118 555 2202 epistotam
589 2118 631 2185 ad
664 2118 873 2183 Timotheum
901 2118 1119 2201 posteriorem
1155 2135 1198 2182 ex
1224 2116 1351 2186 duabus
1377 2118 1470 2184 Pauli
1496 2119 1654 2202 epistolis,
1680 2120 1799 2202 quibus

379 2223 589 2289 Timotheum
614 2222 755 2288 Romam
781 2225 932 2286 vocasset
956 2238 1029 2286 esse
1054 2221 1271 2302 compositam
1292 2226 1325 2286 et
1349 2223 1460 2287 multis
1485 2221 1713 2286 additamentis
1738 2241 1800 2287 au-

379 2331 476 2406 etem,
498 2345 543 2390 ex
565 2325 655 2390 hisce
682 2323 809 2388 duabus
831 2323 977 2405 epistolis
1003 2323 1144 2405 deniqne
1170 2323 1317 2406 priorem
1343 2324 1384 2389 ad
1406 2325 1616 2392 Timotheum
1639 2326 1800 2406 compila-

376 2434 447 2496 tam
471 2445 553 2495 esse.
604 2425 798 2494 Nendeclrer
822 2427 900 2491 hnic
925 2426 1058 2508 qnidam
1081 2425 1256 2510 hypothesi
1277 2444 1349 2492 non
1373 2429 1591 2510 consentitur,
1626 2425 1688 2492 sed
1718 2445 1799 2493 ean·

262 2543 265 2548 '
378 2531 456 2599 dem
489 2549 589 2614 quam
616 2529 764 2596 tiredner
788 2533 898 2594 tuetur
930 2529 1146 2608 sententiam,
1182 2530 1355 2613 epistolam
1380 2532 1503 2596 scilicet
1528 2531 1570 2597 ad
1595 2531 1703 2595 Titum
1727 2548 1799 2596 esse
1848 2578 1851 2584 ⁴

377 2637 566 2719 genuinam,
590 2639 765 2716 utramque
787 2650 867 2698 vero
894 2631 937 2697 ad
963 2632 1171 2698 Timotheum
1196 2650 1269 2698 esso
1291 2635 1515 2715 suppositams
1545 2635 1581 2699 in
1606 2633 1799 2707 rationibus,

280 2735 284 2740 ’
377 2741 497 2829 quihus
531 2738 727 2804 sententiam
757 2736 969 2812 confirmant,
1003 2735 1103 2800 ambo
1129 2733 1432 2802 Schleiermachero
1464 2736 1646 2801 maximam
1673 2742 1799 2820 partem

378 2841 569 2908 assentiunt.
627 2839 752 2906 Omnes
787 2840 844 2921 qui
876 2837 1090 2921 epistolarum
1125 2839 1316 2905 defensores
1341 2841 1495 2905 exstitere
1517 2858 1718 2914 enumerare
1744 2841 1800 2905 vix

378 2961 463 3028 opus
489 2962 561 3010 esse
587 2949 686 3025 puto,
723 2943 834 3023 itaque
865 2959 906 3006 ex
934 2958 1057 3022 magno
1082 2958 1201 3007 eorum
1226 2959 1365 3007 numero
1391 2942 1515 3007 Ptanck
1539 2933 1680 3028 (1808),
1713 2942 1798 3008 nont

379 3039 513 3134 (1829),
533 3047 686 3113 Matthies
712 3035 855 3131 (1830),
880 3044 1101 3126 Banmgarten
1127 3036 1260 3131 (1837),
1284 3043 1436 3111 Neandcr
1461 3036 1601 3133 (1840),
1636 3043 1799 3111 Schrader

376 3151 412 3216 in
433 3151 519 3216 libro
544 3150 666 3216 Paulus
692 3148 861 3231 apostotus
879 3148 1035 3232 inscripto
1060 3139 1200 3235 (1830),
1231 3147 1368 3224 Wnrm,
1398 3147 1471 3230 llng
1504 3153 1536 3212 et
1562 3147 1733 3212 Berthotdt
1762 3148 1797 3214 in

377 3252 674 3320 introductionibus
708 3251 742 3316 in
775 3249 813 3316 N.
848 3250 885 3315 T.
919 3249 1061 3341 denique
1097 3249 1278 3329 Wieseter,
1312 3251 1367 3333 qni
1402 3250 1437 3316 in
1473 3249 1692 3331 chronologia
1722 3252 1797 3316 aevi

377 3357 551 3440 apostolici
582 3346 704 3443 (1848)
735 3370 857 3435 magno
891 3354 1043 3418 acumine
1074 3370 1208 3418 oausam
1244 3354 1459 3437 epistolarum
1496 3355 1583 3435 agit,
1621 3355 1686 3418 hoc
1721 3354 1797 3419 loco

376 3459 569 3526 nominandi
594 3462 679 3523 sunt
736 3457 848 3538 Nuper
880 3457 1016 3522 accessit
1041 3454 1156 3537 Meyer
1184 3457 1219 3522 in
1245 3457 1485 3523 commentario
1507 3458 1549 3522 do
1573 3457 1624 3522 bis
1651 3457 1796 3539 epistolis

377 3563 418 3628 ab
444 3563 592 3628 liuthero
616 3560 705 3626 edito
733 3550 841 3626 1850.

488 3665 538 3731 lle
562 3665 684 3729 horum
714 3662 862 3728 virorum
886 3664 919 3727 et
944 3661 1212 3728 adversariorum
1236 3666 1268 3726 el
1294 3660 1508 3727 defensorum
1532 3660 1701 3727 sententiis
1728 3660 1796 3726 dis·

376 3784 487 3832 serere
509 3785 611 3850 quum
635 3766 717 3831 mihi
739 3764 946 3848 propositum
963 3765 1016 3843 sit,
1041 3781 1119 3830 enm
1137 3763 1170 3828 in
1190 3764 1327 3829 modum
1344 3764 1517 3847 proposito
1534 3781 1634 3847 qiam
1650 3765 1796 3829 maxime

376 3869 563 3943 satisfacere
599 3869 679 3935 mibi
711 3867 849 3945 videor,
890 3884 992 3948 mum
1014 3866 1048 3930 in
1073 3865 1141 3931 dno
1167 3869 1275 3951 capita
1299 3868 1611 3933 commentationem
1635 3864 1797 3950 dispesco,

377 3990 518 4054 qnorum
551 3975 696 4057 primum
720 3970 803 4037 duas
824 3975 935 4053 partes
957 3969 1203 4050 complectetur.
1263 3970 1375 4037 Prima
1399 3970 1497 4051 longo
1522 3971 1670 4035 maxima
1694 3987 1797 4054 argn-

375 4078 486 4139 mentn
506 4074 746 4156 chronologica
770 4072 959 4149 enarrabit,
995 4071 1143 4138 secunda
1168 4071 1210 4137 ad
1239 4073 1323 4139 haec
1346 4073 1507 4138 firmanda
1529 4072 1796 4139 adversariorum

377 4177 590 4259 epistolarum
616 4177 753 4259 originis
778 4174 993 4258 explicandae
1026 4174 1204 4243 conamina
1235 4176 1430 4242 recensebit
1492 4174 1679 4242 Secundum
1712 4192 1793 4243 vero

376 4286 473 4362 capnt
504 4280 545 4346 de
572 4280 790 4364 argumentis,
829 4296 914 4365 quae
936 4295 980 4345 ex
1005 4278 1237 4344 constitutione
1262 4280 1481 4361 institutisque
1508 4279 1666 4344 ecclesiae
1692 4279 1793 4362 petita

376 4384 449 4458 sint,
475 4389 560 4465 aget
611 4385 807 4466 Priusquam
833 4386 944 4447 numm
968 4382 1041 4464 ipsa
1057 4388 1250 4463 argumenta
1266 4400 1469 4459 recenseam,
1492 4380 1704 4448 commodum
1722 4399 1794 4448 esse

376 4486 529 4564 arbitror,
563 4486 592 4551 si
612 4488 707 4552 initio
730 4486 889 4569 cujusquo
912 4485 1026 4567 capitis
1053 4485 1095 4550 de
1119 4485 1213 4551 Pauli
1238 4487 1305 4553 vita
1326 4491 1359 4550 et
1384 4485 1427 4551 de
1449 4486 1589 4552 ecclesia
1610 4485 1794 4569 apostolica

376 4590 486 4671 aliqua
508 4590 779 4672 praemittentem
806 4587 924 4670 quibus
951 4587 1108 4668 expositis
1133 4588 1176 4653 ad
1201 4606 1272 4654 mm
1296 4591 1402 4672 ipsam
1421 4589 1493 4672 jam
1516 4596 1658 4656 transeo.

1470 4821 1510 4881 10

1941 2954 1956 2998 b
