4350 5586
1068 482 1109 544 19

373 670 473 745 atque
499 662 549 727 his
575 658 715 722 dimissis
742 658 766 723 l.
789 656 865 724 Cor.
894 660 1033 743 scripsit,
1060 678 1126 743 qua
1152 661 1344 741 gravissime
1366 665 1402 727 ul
1423 661 1658 743 sitim-quihus
1683 662 1794 732 indul*
1894 717 1897 722 .

375 767 510 840 sissent,
534 762 753 845 deponerent,
780 764 984 829 commonuit
1007 769 1040 829 et
1064 764 1255 828 cohortatus
1280 769 1339 830 est
1399 764 1513 844 Neque
1537 765 1571 831 id
1592 764 1680 847 quod
1703 765 1794 835 Titus

375 870 566 948 insequente
591 870 740 945 tempore
767 863 816 928 bis
844 863 1037 933 Corindmm
1063 867 1182 933 missus
1208 871 1257 932 est
1283 860 1333 952 (ll.
1356 863 1430 935 Cor.
1453 867 1535 944 vill,
1555 862 1620 944 163
1646 867 1715 945 Xll,
1734 859 1791 955 18)

375 976 501 1036 contra
516 983 624 1039 meam
650 968 844 1036 sententiam
867 974 1009 1052 pugnat,
1044 986 1122 1039 nam
1146 969 1174 1037 is
1196 968 1293 1043 facile
1319 969 1470 1048 negotio,
1500 970 1591 1050 quod
1616 969 1736 1039 Paulus
1762 972 1793 1034 ei

376 1071 572 1150 mandasset,
599 1072 632 1139 in
659 1066 756 1135 Crete
781 1069 981 1153 perfunctus,
1007 1071 1173 1153 Ephesum
1200 1072 1309 1143 redire
1334 1071 1474 1153 indeque
1491 1069 1684 1143 Corinthum
1701 1073 1795 1150 mitti,

377 1182 433 1240 aut
459 1173 547 1255 quod
575 1172 781 1244 verisimilius
807 1174 905 1242 etiam
934 1180 992 1254 est,
1018 1192 1038 1240 a
1064 1174 1208 1255 Tychico
1222 1167 1266 1263 ll,
1293 1191 1389 1256 quem
1409 1191 1447 1244 se
1471 1175 1648 1247 missurum
1673 1175 1795 1247 Paulus

377 1278 537 1360 promisit,
563 1294 604 1341 ex
622 1264 720 1347 creta·
744 1277 878 1346 avocari
908 1282 1040 1343 etcum
1065 1277 1124 1342 illo
1152 1274 1346 1345 Corinthum
1372 1277 1535 1358 proticisci
1561 1280 1688 1360 poluit3
1713 1277 1795 1347 mihi

376 1387 465 1445 certe
492 1379 533 1451 ad
558 1380 641 1444 haec
666 1378 784 1447 itinere
807 1378 957 1449 iacienda
982 1380 1060 1449 satis
1087 1380 1243 1462 temporis
1269 1380 1411 1461 relinqui
1439 1380 1576 1462 videtur,
1603 1382 1631 1453 si
1657 1381 1796 1462 epistola

377 1501 419 1547 eo
447 1501 512 1564 quo
539 1482 604 1545 dixi
632 1486 780 1562 tempore
804 1482 923 1563 scripta
937 1490 1007 1559 ‚est
1060 1482 1186 1566 Scripta
1212 1483 1400 1565 igiturest,
1425 1483 1796 1567 utbreviterrepetem

377 1585 572 1652 sententiam
597 1601 716 1660 meam,
743 1584 881 1665 epistola
903 1586 965 1652 sub
991 1586 1117 1654 initium
1145 1605 1176 1651 a.
1200 1585 1292 1663 LVII,
1315 1590 1490 1666 postquem
1511 1592 1634 1653 aestme
1661 1591 1793 1651 antece·

377 1689 475 1753 dente
509 1687 629 1752 Paulus
661 1704 736 1756 cum
771 1686 845 1752 Tito
879 1686 1073 1754 Corinthum
1108 1692 1142 1752 et
1175 1686 1306 1754 Cretam
1329 1689 1439 1752 invisit
1460 1689 1603 1771 indeque
1628 1688 1795 1772 Ephesum

377 1792 520 1869 revertit,
546 1790 589 1857 ad
615 1789 704 1871 quod
729 1794 858 1871 tempus
884 1791 1147 1858 constituendum
1172 1792 1294 1868 omnia,
1320 1808 1404 1873 quae
1430 1791 1566 1873 praehet
1591 1793 1730 1874 epistola
1745 1793 1796 1857 in-

377 1895 473 1970 dicia,
500 1911 566 1958 uuo
593 1910 651 1962 ore
677 1893 876 1974 conspirant

465 2139 493 2206 §.
516 2134 545 2198 5.
590 2132 637 2195 De
658 2141 812 2215 tempore,
842 2152 904 2216 quo
927 2134 1082 2216 posterior
1104 2132 1142 2194 ed
1164 2130 1354 2195 Timotheum
1377 2133 1505 2214 epistola
1527 2133 1639 2214 scripte
1661 2134 1708 2197 sit.
1767 2126 1771 2140 '

499 2307 549 2375 Ex
584 2310 721 2390 epistola
755 2312 825 2393 ipsa
856 2315 992 2395 apparet
1017 2303 1051 2395 (l,
1081 2302 1138 2396 17)
1165 2308 1291 2373 Romae
1317 2326 1389 2373 esse
1414 2310 1569 2391 scriptam
1593 2308 1650 2377 uhi
1675 2309 1796 2378 Paulus

378 2412 525 2494 captivus
551 2417 690 2479 mortem
716 2414 777 2479 sihi
800 2416 870 2498 jam
896 2417 1071 2479 instantem
1096 2412 1272 2493 oppetebat
1297 2417 1330 2476 et
1352 2412 1560 2479 Timotheum
1582 2416 1619 2477 ut
1647 2412 1678 2476 ei
1704 2413 1796 2479 vale·

379 2515 502 2579 diceret
527 2514 569 2578 ad
594 2531 630 2579 se
657 2518 803 2592 vocavit;
836 2516 1062 2599 quaerendum
1086 2515 1185 2595 igitur
1209 2520 1268 2592 est,
1294 2532 1337 2580 an
1363 2517 1551 2582 necessario
1573 2534 1616 2581 ex
1638 2514 1796 2598 epistotae

288 2671 294 2683 .
378 2618 460 2682 locis
481 2618 516 2680 in
541 2618 644 2682 altera
670 2621 854 2702 captivitate
876 2637 1015 2686 romana
1036 2617 1208 2684 scribenda
1232 2618 1347 2695 tuerit,
1372 2636 1435 2684 neo
1459 2637 1519 2696 ne,
1546 2623 1578 2684 et
1601 2636 1703 2700 quum
1725 2617 1796 2700 iam

378 2737 451 2802 pag.
479 2715 502 2786 9
534 2722 776 2799 contenderim,
812 2723 845 2787 in
880 2725 985 2805 prima
1014 2726 1046 2786 et
1072 2721 1170 2786 unice
1203 2721 1389 2802 captivitate
1422 2721 1575 2803 scriptam
1610 2738 1682 2787 esse
1714 2721 1793 2789 mihi

377 2822 490 2897 videri,
517 2825 673 2905 expositis
701 2826 966 2892 adversariorum
992 2823 1191 2906 arprmentis
1215 2824 1375 2890 sententie
1404 2842 1501 2905 quam
1527 2825 1573 2889 ihi
1592 2824 1796 2906 praesumpsi

377 2926 511 2990 uberius
534 2927 704 3007 probanda
728 2934 786 2995 est

450 3019 453 3025 ’
494 3021 523 3092 l.
576 3028 742 3112 Eichhorn
766 3031 907 3113 primum
924 3030 958 3093 in
978 3046 1019 3094 eo
1043 3028 1215 3111 epistolam
1239 3045 1314 3092 cum
1331 3031 1488 3093 hetorum
1507 3029 1697 3094 narratione
1714 3044 1795 3095 oon-

376 3131 498 3196 sentire
524 3131 611 3208 dicit.
635 3134 723 3213 quod
744 3132 848 3201 Lucas
873 3133 964 3198 solus
990 3130 1077 3214 apud
1094 3131 1232 3195 Paulum
1258 3148 1330 3196 esse
1358 3130 1493 3212 dicetur,
1519 3131 1709 3201 Timotheus
1735 3148 1797 3203 au·

377 3240 442 3297 tem
469 3237 501 3295 et
525 3234 657 3301 Marcus
673 3237 812 3302 Romam
837 3241 1056 3308 accersantur,
1081 3233 1139 3298 sed
1158 3234 1261 3299 multa
1286 3240 1319 3298 et
1343 3235 1456 3314 gravia
1479 3240 1671 3316 argumenta
1698 3234 1795 3298 etiarn

376 3341 492 3400 contra
520 3338 691 3418 epistolam
717 3357 874 3422 pugnare.
933 3338 1015 3403 Nam
1042 3335 1069 3404 si
1094 3337 1277 3413 Pachom,
1302 3336 1475 3403 scribenda
1502 3337 1578 3415 luit,
1604 3337 1712 3402 statim
1738 3336 1795 3401 uhi

377 3439 517 3504 Romam
551 3440 701 3518 advenit,
730 3460 831 3523 quum
857 3447 972 3523 postea
997 3440 1187 3505 Timotheus
1211 3445 1244 3504 et
1267 3439 1417 3518 Marcus,
1453 3456 1536 3520 quos
1567 3439 1670 3510 adse
1695 3456 1797 3504 voca·

379 3543 435 3619 vit,
460 3541 538 3606 dnm
560 3542 719 3625 epistolae
741 3544 784 3611 ad
805 3543 1028 3620 Colossenses,
1050 3543 1277 3625 Philippenses
1301 3547 1333 3606 et
1355 3543 1582 3614 Philemonem
1597 3542 1795 3619 scribuntur,

376 3643 465 3725 apud
486 3663 562 3711 eum
588 3651 706 3713 essent
756 3646 884 3712 Deinde
899 3647 1089 3713 Timotheus
1106 3644 1227 3727 Ephesi
1253 3661 1328 3710 esse
1350 3645 1468 3710 dieitur
1492 3650 1526 3711 et
1551 3645 1795 3727 onesiphorum
1844 3651 1849 3659 “

376 3747 521 3812 salutare
544 3749 688 3831 jubetur,
712 3750 771 3815 sed
796 3751 892 3816 simul
915 3750 1066 3830 Aquilam
1093 3748 1339 3826 sternentem,
1366 3750 1422 3830 qui
1440 3748 1570 3830 quidem
1589 3767 1631 3819 eo
1647 3753 1796 3829 tempore

379 3865 446 3913 non
487 3850 625 3933 Ephesi,
657 3851 714 3918 sed
750 3853 877 3921 Romae
900 3850 1021 3919 luerint
1047 3846 1150 3936 (Rom.
1173 3849 1263 3927 xvi,
1286 3842 1332 3938 3).
1384 3850 1467 3916 Tum
1492 3852 1590 3933 plene
1614 3851 1795 3922 severitate

378 3952 568 4031 abhorrent,
595 3971 679 4035 quse
707 3953 748 4019 de
772 3955 953 4038 Trophimo
980 3958 1013 4020 et
1039 3953 1155 4024 Erasto
1180 3959 1379 4027 narrantum
1404 3953 1601 4034 Trophimus
1627 3954 1714 4022 enim
1736 3970 1795 4022 ae-

380 4059 492 4135 grotus
527 4056 630 4123 Mileti
664 4059 824 4127 mansisse
855 4058 990 4133 dicitur,
1025 4056 1113 4137 quod
1139 4072 1247 4136 neque
1272 4056 1306 4121 in
1331 4055 1449 4127 itinere
1473 4057 1589 4128 ultimo
1610 4057 1796 4137 hierosoly-

379 4156 515 4234 mitano,
540 4177 642 4240 quum
668 4160 865 4241 Trophimus
888 4160 1025 4230 Paulum
1052 4176 1156 4241 usque
1180 4157 1215 4225 in
1236 4158 1393 4240 templum
1408 4158 1713 4240 Hierosolymorum
1735 4176 1796 4224 co-

379 4259 511 4323 mitatus
545 4263 586 4326 sit
618 4259 698 4350 (hcl.
724 4262 810 4342 XXl,
837 4255 896 4349 29)
922 4252 1031 4344 neque
1057 4263 1090 4326 in
1116 4261 1232 4327 itinere
1257 4259 1420 4331 Caesarea
1445 4263 1585 4333 Romam
1611 4262 1699 4329 lacto
1725 4261 1795 4332 teri

378 4362 503 4444 potuit,
538 4363 594 4428 uhi
628 4382 689 4430 nec
723 4365 920 4449 Trophimus
954 4364 1042 4447 apud
1071 4363 1210 4431 Paulum
1244 4369 1315 4431 erat
1350 4360 1431 4451 (Aet.
1460 4363 1587 4444 XXVlh
1611 4357 1633 4428 2
1653 4358 1714 4451 sq.)
1734 4381 1795 4435 nec

465 4596 497 4674 *l
527 4601 588 4658 liic
613 4602 683 4659 enim
706 4602 789 4659 tuisse
810 4599 917 4659 videtur
938 4594 954 4658 ὁ
976 4594 1118 4676 ἀδελφός,
1140 4601 1217 4672 eujus
1238 4599 1334 4657 Penius
1351 4599 1382 4656 ΙΙ.
1405 4600 1469 4657 Cor.
1491 4598 1547 4671 llll,
1571 4601 1609 4656 18
1632 4598 1794 4656 mentionem
1875 4651 1878 4659 .

377 4689 453 4759 lacit,
475 4690 508 4744 de
530 4706 581 4761 qua
606 4705 638 4746 re
662 4689 724 4746 vide
746 4688 883 4746 Wieseler
903 4688 1032 4747 Chrouol.
1055 4688 1081 4745 d.
1105 4693 1195 4760 apost.
1216 4686 1357 4745 Zellalters
1378 4704 1442 4761 paq.
1465 4689 1526 4744 350
1544 4683 1572 4742 n.

1327 4868 1332 4891 t
1466 4805 1510 4867 μ
