4350 5586
1057 425 1100 489 42

374 613 499 676 lantum
531 608 572 673 de
605 624 797 675 cassanen
823 605 955 689 saepius
980 605 1254 670 commemoravit
1275 606 1486 688 presbyteros
1511 606 1659 688 aliosque
1684 607 1792 672 eccle-

373 715 441 778 siae
474 712 657 789 ministrcs,
693 712 769 794 quin
802 726 869 773 non
897 707 959 772 nisi
986 707 1021 770 in
1046 707 1167 771 nostris
1193 709 1339 790 epistolis
1365 711 1468 776 insius
1493 708 1534 774 de
1560 711 1792 776 constitutione

375 817 532 882 ecclesiae
561 816 690 881 loeutus
725 818 793 886 est,
828 811 893 876 loci
928 815 1037 875 autem
1066 813 1137 874 Act
1160 808 1232 885 XX,
1263 805 1621 895 18-35‚upu.1v,
1651 809 1693 877 ll
1718 828 1790 895 sqq.

375 921 478 1001 Pbilp.
503 919 536 994 l,
567 913 580 981 Ι
608 916 686 983 sutis
713 913 872 996 probant,
900 913 1006 978 Paulo
1031 912 1155 994 optime
1179 914 1389 995 presbyteros
1415 921 1448 979 et
1473 915 1632 981 diaconos
1658 933 1793 981 eornm·

375 1041 438 1105 que
461 1037 598 1086 munera
623 1018 815 1095 innotuisse,
835 1033 898 1082 nec
923 1034 965 1081 eo
987 1016 1127 1093 vivente,
1154 1015 1241 1096 quod
1268 1016 1357 1081 Baur
1381 1024 1497 1101 putare
1522 1019 1660 1095 videtur,
1686 1019 1794 1084 eccle·

373 1127 456 1190 siam
479 1125 580 1189 fuisse
603 1122 701 1202 plano
725 1138 793 1185 non
816 1118 1025 1184 constitutam
1044 1119 1373 1202 incompositamque.
1424 1118 1506 1185 Sunt
1530 1123 1628 1202 igitur
1655 1121 1794 1205 presby-

373 1229 436 1294 teri
462 1223 633 1308 apostolici
658 1224 742 1302 aevi,
768 1239 851 1305 quos
877 1223 911 1287 iu
937 1222 1058 1286 nostris
1084 1221 1231 1304 epistolis
1258 1222 1434 1298 babemus,
1460 1241 1522 1287 uec
1547 1225 1650 1289 ullum
1677 1243 1713 1289 re
1736 1241 1794 1289 nc-

375 1331 518 1396 curatius
544 1331 688 1408 spectata
712 1328 796 1391 inter
818 1325 1027 1407 presbyteros
1052 1327 1084 1387 et
1102 1325 1276 1407 episcopos
1297 1326 1473 1391 discrimen
1492 1325 1673 1391 intercedit.
1709 1327 1795 1394 Nam

375 1432 487 1496 Baurii
518 1429 719 1511 explicatio,
756 1445 855 1512 quam
886 1427 957 1510 ipse
987 1430 1103 1509 postea
1129 1429 1314 1507 revocavit,
1347 1429 1411 1494 loci
1437 1428 1549 1507 Titi,
1576 1423 1709 1495 5iulsa
1734 1435 1794 1504 est,

375 1535 465 1617 quod
490 1532 514 1597 Ι.
535 1531 617 1596 Tim.
644 1532 696 1611 lV,
724 1524 771 1597 14
793 1530 985 1614 presbyterii
1011 1529 1135 1594 mentio
1162 1531 1219 1596 liat
1252 1531 1322 1596 sine
1352 1531 1453 1596 dubio
1486 1531 1526 1595 de
1560 1532 1656 1597 unius
1688 1534 1796 1598 eccle·

375 1639 444 1702 siae
466 1636 664 1719 presbyteris
687 1623 887 1715 intelligendi
910 1638 941 1697 et
969 1631 1058 1713 quod
1084 1624 1194 1705 κατά
1219 1621 1335 1706 πόλιν
1361 1636 1495 1699 minime
1516 1633 1559 1698 ad
1578 1626 1796 1727 πρεσβυτέ.

374 1761 454 1837 pons
477 1737 535 1804 sed
559 1739 602 1803 ad
628 1723 877 1828 καταστήσῃς
896 1734 1106 1801 referendum
1131 1740 1190 1812 est,
1216 1740 1252 1800 ut
1276 1736 1345 1818 jam
1373 1755 1415 1802 ex
1443 1737 1558 1802 eadem
1585 1738 1677 1802 verbi
1702 1756 1795 1803 conr·

375 1842 470 1925 positi
507 1840 751 1924 praepositione
780 1841 906 1915 elucet,
940 1836 1081 1919 denique
1116 1838 1206 1919 quod
1240 1829 1306 1910 τόν
1338 1832 1542 1913 ἐπίσκοπον
1568 1859 1635 1905 non
1661 1841 1701 1905 de
1726 1858 1794 1906 uno

375 1946 533 2028 cujusque
558 1944 719 2010 ecclesiae
745 1943 919 2024 episcopo,
939 1939 998 2006 sed
1022 1942 1192 2006 collective
1214 1942 1444 2022 explicandum
1471 1947 1529 2020 est,
1554 1949 1589 2007 ut
1614 1944 1794 2009 innumeris

376 2047 447 2114 aliis
464 2048 556 2125 locis,
583 2064 649 2129 quo
669 2045 766 2109 simul
784 2044 975 2110 bicbbornii
990 2044 1151 2111 sententia
1169 2044 1339 2110 refutatur.
1392 2043 1486 2124 Quae
1502 2052 1618 2111 contra
1632 2046 1796 2113 Scbleier-

375 2152 566 2217 macberum
601 2148 737 2232 protulit
773 2151 965 2228 argumenta
996 2164 1049 2211 me
1080 2163 1147 2211 nco
1179 2153 1363 2223 moverunt,
1397 2154 1433 2213 ut
1459 2166 1480 2213 a
1503 2147 1796 2216 Scbleiermacberi

376 2254 537 2321 sententia
562 2251 768 2328 recederem,
802 2251 880 2331 quia
904 2250 997 2316 locus
1021 2250 1077 2314 ille
1102 2249 1184 2315 Just
1209 2249 1255 2316 M.
1281 2251 1361 2315 mibi
1387 2251 1464 2316 satis
1488 2252 1796 2334 probaresidetur,

376 2356 598 2442 polygamiam
623 2359 701 2418 tunc
723 2355 807 2418 iuter
832 2352 977 2418 ludaeos
1000 2353 1112 2430 luisse,
1142 2369 1244 2434 quum
1268 2353 1413 2418 lustinus
1440 2372 1482 2419 eo
1508 2356 1647 2420 consilio
1672 2357 1797 2422 scribe·

377 2470 426 2525 ret
458 2461 596 2535 librum,
632 2460 668 2521 ut
693 2456 838 2557 ludaeos
865 2455 906 2520 ad
934 2456 1128 2538 religionem
1154 2455 1365 2521 christianam
1393 2457 1585 2538 perduceret
1609 2460 1721 2542 itaque
1742 2460 1796 2524 ni·

377 2564 423 2627 bil
445 2561 630 2642 diligentius
657 2559 760 2624 vitare
784 2559 935 2636 deberet,
969 2577 1068 2641 quam
1093 2562 1129 2623 ut
1154 2559 1281 2642 injustis
1307 2560 1493 2642 opprobriis
1520 2578 1636 2626 eorum
1666 2563 1795 2628 animos

378 2665 602 2739 exacerbaret,
627 2667 726 2744 atque
750 2680 850 2744 quum
877 2661 955 2726 satis
974 2662 1150 2726 verisimile
1171 2662 1223 2741 sit,
1249 2680 1458 2728 communem
1478 2665 1697 2731 Asiaticorum
1720 2683 1796 2730 mo-

377 2784 448 2832 rem
474 2767 573 2832 etium
600 2766 791 2847 patriarchis
815 2764 1013 2846 regibusque
1038 2764 1260 2830 celeberrimis
1277 2766 1432 2831 usitatum
1451 2766 1539 2849 apud
1555 2767 1699 2834 ludaeos
1719 2775 1798 2834 tunc

377 2887 444 2935 nou
471 2872 569 2952 plane
601 2868 702 2933 tuisse
732 2868 936 2951 incognitum
956 2866 1214 2949 inauditumque.
1266 2867 1558 2934 Scbleiermacberi
1584 2878 1693 2943 autem
1719 2888 1796 2937 sen·

377 2973 478 3040 tentia
506 2973 547 3038 de
568 2971 698 3037 diversa
718 2971 742 3036 l.
760 2972 843 3037 Tim.
869 2977 987 3036 natura
1012 2970 1293 3052 disquisitionibus
1318 2973 1583 3039 antecedentibus
1609 2992 1677 3041 non
1705 2975 1796 3040 reiu-
1890 3002 1892 3007 ⁴

378 3080 446 3143 lata
477 3075 537 3142 sed
569 3069 785 3158 comprobata
819 3077 868 3141 ssl
896 3077 928 3138 et
959 3073 1229 3156 comprobabitur
1254 3076 1353 3140 etiam
1378 3077 1601 3159 sequentibus.
1659 3079 1697 3143 ln
1720 3079 1795 3143 urni-

378 3195 510 3245 versum
545 3179 643 3260 igitur
679 3177 791 3244 linurii
819 3177 986 3244 accusatio
1023 3175 1106 3242 ialsa
1139 3181 1189 3242 est
1214 3181 1247 3243 et
1271 3179 1460 3244 constitutio
1490 3181 1648 3245 ecclesiae
1673 3183 1794 3246 nostris

379 3282 524 3366 epistolis
547 3280 710 3363 descripta
736 3298 820 3347 aevo
843 3280 1027 3363 apostolico
1050 3279 1228 3363 aptissima,
1254 3285 1290 3345 ut
1311 3283 1345 3345 in
1371 3283 1560 3348 universum
1585 3284 1677 3349 locus
1702 3283 1797 3357 dubi·

378 3387 494 3453 talioni
520 3403 587 3450 non
613 3384 673 3460 sit3
706 3389 849 3450 attamen
875 3383 960 3448 duae
986 3400 1039 3448 res
1064 3384 1309 3466 relinquuntur,
1333 3403 1418 3467 quae
1446 3404 1466 3451 a
1491 3386 1613 3452 Banrio
1640 3392 1672 3451 et
1697 3386 1796 3452 Eicb-

377 3489 498 3555 bornio
523 3493 559 3552 ut
580 3487 621 3553 ab
649 3503 732 3552 aevo
759 3486 943 3570 apostolico
966 3485 1182 3552 abhorrentes
1207 3487 1325 3552 allatae
1341 3493 1427 3566 sunt,
1453 3488 1702 3570 deuterogamia
1718 3508 1796 3573 pre·

378 3592 516 3674 sbyteris
549 3595 582 3656 et
608 3587 755 3655 diaconis
784 3588 956 3655 interdicta
985 3594 1017 3653 et
1039 3590 1237 3672 stipendium
1262 3591 1459 3672 presbyteris
1485 3593 1694 3674 impertitum.
1746 3593 1797 3659 lle

379 3695 496 3778 quibus
530 3694 721 3776 priusquam
745 3694 939 3759 seutentiam
965 3690 1086 3769 ieram,
1122 3693 1306 3759 accuratius
1334 3691 1374 3756 de
1400 3695 1535 3776 singulis
1561 3696 1713 3762 institutis
1740 3715 1796 3761 ec·

379 3798 498 3864 clesiae
536 3796 762 3861 disserendum
799 3801 866 3870 est:
905 3797 1015 3877 itaque
1041 3796 1083 3860 ad
1110 3795 1310 3861 recensenda
1335 3794 1463 3876 singula
1485 3797 1630 3863 instituta
1656 3816 1795 3882 progre-

379 3900 462 3979 dior,
488 3905 661 3984 postquam
687 3901 812 3978 monui,
833 3899 890 3963 illu
913 3899 1007 3979 signa
1033 3900 1224 3984 posterioris
1251 3899 1419 3981 temporis,
1440 3900 1468 3963 si
1491 3916 1607 3966 revera
1627 3902 1660 3965 in
1676 3904 1797 3968 nostris

379 4004 523 4086 epistolis
558 4003 781 4087 reperiantur,
819 4018 886 4066 non
920 4001 982 4066 nisi
1015 4006 1131 4067 contra
1164 4002 1188 4067 l.
1215 4002 1298 4068 Tim.
1323 4002 1465 4085 prolerri
1490 4019 1607 4085 posse,
1635 4023 1735 4108 quum
1762 4007 1796 4071 io

378 4108 441 4173 bac
465 4111 590 4171 tantum
617 4106 756 4189 epistola
780 4103 999 4169 inveniantur.

843 4286 871 4353 ς.
892 4278 922 4344 3.
965 4277 1012 4343 De
1034 4278 1161 4363 singulis
1180 4280 1328 4345 institutis.
1455 4283 1457 4291 '

851 4448 859 4466 ,
933 4416 958 4456 n.
1003 4397 1043 4454 ba
1063 4397 1240 4471 presbyteris.

490 4528 781 4610 Scblsiermucber,
807 4535 899 4618 cujus
924 4533 1101 4598 sententias
1129 4535 1183 4599 bic
1206 4534 1350 4601 maxime
1376 4537 1549 4619 respiciam
1568 4540 1600 4601 et
1620 4550 1795 4620 exponam,

379 4633 454 4715 quia
489 4634 733 4701 accuratissime
751 4636 807 4702 =de
839 4638 890 4702 bis
924 4636 1022 4702 rebus
1055 4634 1206 4704 disseruit
1240 4638 1336 4721 eique
1370 4641 1468 4722 longe
1499 4639 1632 4724 plurimi
1668 4639 1797 4720 praeter
