<?xml version="1.0" encoding="UTF-8"?>
<!DOCTYPE html PUBLIC "-//W3C//DTD XHTML 1.0 Transitional//EN"
    "http://www.w3.org/TR/xhtml1/DTD/xhtml1-transitional.dtd">
<html xmlns="http://www.w3.org/1999/xhtml" xml:lang="en" lang="en">
 <head>
  <title>
</title>
<meta http-equiv="Content-Type" content="text/html;charset=utf-8" />
  <meta name='ocr-system' content='tesseract 3.04.00' />
  <meta name='ocr-capabilities' content='ocr_page ocr_carea ocr_par ocr_line ocrx_word'/>
</head>
<body>
  <div class='ocr_page' id='page_1' title='image "./dissertatiodear00rudogoog_0037.png"; bbox 0 0 4350 5586; ppageno 0'>
   <div class='ocr_carea' id='block_1_1' title="bbox 1101 495 1167 571">
    <p class='ocr_par' dir='ltr' id='par_1_1' title="bbox 1101 495 1167 571">
     <span class='ocr_line' id='line_1_1' title="bbox 1101 495 1167 571; baseline 0.03 -13"><span class='ocrx_word' id='word_1_1' title='bbox 1101 495 1167 571; x_wconf 79' lang='grc'>26,</span> 
     </span>
    </p>
   </div>
   <div class='ocr_carea' id='block_1_2' title="bbox 381 670 1833 1474">
    <p class='ocr_par' dir='ltr' id='par_1_2' title="bbox 381 670 1833 1474">
     <span class='ocr_line' id='line_1_2' title="bbox 418 670 1829 757; baseline -0.002 -19"><span class='ocrx_word' id='word_1_2' title='bbox 418 690 585 757; x_wconf 81' lang='lat' dir='ltr'>exponere</span> <span class='ocrx_word' id='word_1_3' title='bbox 610 674 719 753; x_wconf 92' lang='lat' dir='ltr'>illum,</span> <span class='ocrx_word' id='word_1_4' title='bbox 753 692 819 756; x_wconf 85' lang='lat' dir='ltr'>qua</span> <span class='ocrx_word' id='word_1_5' title='bbox 844 690 880 737; x_wconf 91' lang='lat' dir='ltr'>re</span> <span class='ocrx_word' id='word_1_6' title='bbox 902 671 944 738; x_wconf 92' lang='lat' dir='ltr'>ad</span> <span class='ocrx_word' id='word_1_7' title='bbox 970 672 1169 739; x_wconf 90' lang='lat' dir='ltr'>laudandum</span> <span class='ocrx_word' id='word_1_8' title='bbox 1193 672 1298 737; x_wconf 85' lang='lat' dir='ltr'>Deum</span> <span class='ocrx_word' id='word_1_9' title='bbox 1326 675 1499 756; x_wconf 79' lang='lat' dir='ltr'>proreptus</span> <span class='ocrx_word' id='word_1_10' title='bbox 1524 672 1642 739; x_wconf 88' lang='lat' dir='ltr'>iterum</span> <span class='ocrx_word' id='word_1_11' title='bbox 1672 671 1713 736; x_wconf 92' lang='lat' dir='ltr'>de</span> <span class='ocrx_word' id='word_1_12' title='bbox 1739 670 1829 736; x_wconf 81' lang='lat' dir='ltr'>salsis</span> 
     </span>
     <span class='ocr_line' id='line_1_3' title="bbox 419 774 1830 863; baseline -0.003 -23"><span class='ocrx_word' id='word_1_13' title='bbox 419 776 606 841; x_wconf 87' lang='lat' dir='ltr'>doctoribus</span> <span class='ocrx_word' id='word_1_14' title='bbox 632 793 739 859; x_wconf 85' lang='lat' dir='ltr'>pauca</span> <span class='ocrx_word' id='word_1_15' title='bbox 762 776 903 858; x_wconf 85' lang='lat' dir='ltr'>adjiciat,</span> <span class='ocrx_word' id='word_1_16' title='bbox 928 793 1012 857; x_wconf 90' lang='lat' dir='ltr'>quaa</span> <span class='ocrx_word' id='word_1_17' title='bbox 1038 783 1147 842; x_wconf 67' lang='lat' dir='ltr'>umen</span> <span class='ocrx_word' id='word_1_18' title='bbox 1173 776 1326 841; x_wconf 89' lang='lat' dir='ltr'>omniaa</span> <span class='ocrx_word' id='word_1_19' title='bbox 1351 775 1415 840; x_wconf 84' lang='lat' dir='ltr'>line</span> <span class='ocrx_word' id='word_1_20' title='bbox 1436 777 1607 863; x_wconf 78' lang='lat' dir='ltr'>proposito</span> <span class='ocrx_word' id='word_1_21' title='bbox 1633 774 1740 840; x_wconf 87' lang='lat' dir='ltr'>aliene</span> <span class='ocrx_word' id='word_1_22' title='bbox 1755 774 1830 838; x_wconf 81' lang='lat' dir='ltr'>sint</span> 
     </span>
     <span class='ocr_line' id='line_1_4' title="bbox 418 874 1830 962; baseline -0.004 -18"><span class='ocrx_word' id='word_1_23' title='bbox 418 879 500 944; x_wconf 88' lang='lat' dir='ltr'>Hinc</span> <span class='ocrx_word' id='word_1_24' title='bbox 522 879 631 944; x_wconf 88' lang='lat' dir='ltr'>subito</span> <span class='ocrx_word' id='word_1_25' title='bbox 657 878 699 944; x_wconf 87' lang='lat' dir='ltr'>ad</span> <span class='ocrx_word' id='word_1_26' title='bbox 722 897 835 962; x_wconf 86' lang='lat' dir='ltr'>preces</span> <span class='ocrx_word' id='word_1_27' title='bbox 855 877 1037 943; x_wconf 82' lang='lat' dir='ltr'>tundendas</span> <span class='ocrx_word' id='word_1_28' title='bbox 1062 896 1124 961; x_wconf 95' lang='lat' dir='ltr'>pro</span> <span class='ocrx_word' id='word_1_29' title='bbox 1147 880 1299 943; x_wconf 92' lang='lat' dir='ltr'>omnihus</span> <span class='ocrx_word' id='word_1_30' title='bbox 1325 876 1513 960; x_wconf 86' lang='lat' dir='ltr'>hominihus</span> <span class='ocrx_word' id='word_1_31' title='bbox 1531 881 1764 954; x_wconf 74' lang='lat' dir='ltr'>transeuntem,</span> <span class='ocrx_word' id='word_1_32' title='bbox 1790 874 1830 940; x_wconf 93' lang='lat' dir='ltr'>de</span> 
     </span>
     <span class='ocr_line' id='line_1_5' title="bbox 419 979 1830 1064; baseline -0.004 -17"><span class='ocrx_word' id='word_1_33' title='bbox 419 979 548 1047; x_wconf 90' lang='lat' dir='ltr'>Christo</span> <span class='ocrx_word' id='word_1_34' title='bbox 573 982 606 1046; x_wconf 95' lang='lat' dir='ltr'>in</span> <span class='ocrx_word' id='word_1_35' title='bbox 634 984 823 1047; x_wconf 89' lang='lat' dir='ltr'>universum</span> <span class='ocrx_word' id='word_1_36' title='bbox 847 982 1032 1064; x_wconf 87' lang='lat' dir='ltr'>iterumque</span> <span class='ocrx_word' id='word_1_37' title='bbox 1057 981 1098 1045; x_wconf 93' lang='lat' dir='ltr'>de</span> <span class='ocrx_word' id='word_1_38' title='bbox 1123 981 1227 1046; x_wconf 90' lang='lat' dir='ltr'>Paulo</span> <span class='ocrx_word' id='word_1_39' title='bbox 1253 980 1363 1062; x_wconf 91' lang='lat' dir='ltr'>aliqua</span> <span class='ocrx_word' id='word_1_40' title='bbox 1387 980 1514 1055; x_wconf 86' lang='lat' dir='ltr'>dicare,</span> <span class='ocrx_word' id='word_1_41' title='bbox 1552 986 1621 1046; x_wconf 93' lang='lat' dir='ltr'>tum</span> <span class='ocrx_word' id='word_1_42' title='bbox 1652 983 1830 1064; x_wconf 90' lang='lat' dir='ltr'>praecepto</span> 
     </span>
     <span class='ocr_line' id='line_1_6' title="bbox 420 1074 1829 1166; baseline -0.001 -19"><span class='ocrx_word' id='word_1_43' title='bbox 420 1084 460 1147; x_wconf 93' lang='lat' dir='ltr'>de</span> <span class='ocrx_word' id='word_1_44' title='bbox 487 1084 637 1166; x_wconf 91' lang='lat' dir='ltr'>precihus</span> <span class='ocrx_word' id='word_1_45' title='bbox 663 1087 801 1166; x_wconf 88' lang='lat' dir='ltr'>repetito</span> <span class='ocrx_word' id='word_1_46' title='bbox 825 1084 866 1148; x_wconf 94' lang='lat' dir='ltr'>de</span> <span class='ocrx_word' id='word_1_47' title='bbox 892 1082 1088 1149; x_wconf 80' lang='lat' dir='ltr'>feminarum</span> <span class='ocrx_word' id='word_1_48' title='bbox 1115 1085 1281 1163; x_wconf 87' lang='lat' dir='ltr'>moribus,</span> <span class='ocrx_word' id='word_1_49' title='bbox 1317 1074 1386 1146; x_wconf 80' lang='lat' dir='ltr'>tum</span> <span class='ocrx_word' id='word_1_50' title='bbox 1422 1083 1463 1147; x_wconf 96' lang='lat' dir='ltr'>de</span> <span class='ocrx_word' id='word_1_51' title='bbox 1496 1083 1659 1166; x_wconf 89' lang='lat' dir='ltr'>episcopis</span> <span class='ocrx_word' id='word_1_52' title='bbox 1693 1086 1725 1146; x_wconf 91' lang='lat' dir='ltr'>et</span> <span class='ocrx_word' id='word_1_53' title='bbox 1756 1081 1829 1146; x_wconf 90' lang='lat' dir='ltr'>dia·</span> 
     </span>
     <span class='ocr_line' id='line_1_7' title="bbox 419 1184 1830 1268; baseline -0.002 -17"><span class='ocrx_word' id='word_1_54' title='bbox 419 1187 511 1251; x_wconf 90' lang='lat' dir='ltr'>conis</span> <span class='ocrx_word' id='word_1_55' title='bbox 555 1203 736 1268; x_wconf 90' lang='lat' dir='ltr'>eorumque</span> <span class='ocrx_word' id='word_1_56' title='bbox 777 1186 936 1254; x_wconf 88' lang='lat' dir='ltr'>uxoribus</span> <span class='ocrx_word' id='word_1_57' title='bbox 971 1184 1098 1265; x_wconf 88' lang='lat' dir='ltr'>dicere,</span> <span class='ocrx_word' id='word_1_58' title='bbox 1142 1185 1232 1268; x_wconf 93' lang='lat' dir='ltr'>quod</span> <span class='ocrx_word' id='word_1_59' title='bbox 1265 1202 1366 1268; x_wconf 93' lang='lat' dir='ltr'>quum</span> <span class='ocrx_word' id='word_1_60' title='bbox 1403 1203 1445 1250; x_wconf 88' lang='lat' dir='ltr'>ex</span> <span class='ocrx_word' id='word_1_61' title='bbox 1478 1184 1539 1249; x_wconf 85' lang='lat' dir='ltr'>Tit.</span> <span class='ocrx_word' id='word_1_62' title='bbox 1574 1185 1736 1251; x_wconf 89' lang='lat' dir='ltr'>describat</span> <span class='ocrx_word' id='word_1_63' title='bbox 1774 1202 1830 1249; x_wconf 92' lang='lat' dir='ltr'>or·</span> 
     </span>
     <span class='ocr_line' id='line_1_8' title="bbox 419 1287 1832 1372; baseline -0.002 -19"><span class='ocrx_word' id='word_1_64' title='bbox 419 1289 494 1367; x_wconf 85' lang='lat' dir='ltr'>dine</span> <span class='ocrx_word' id='word_1_65' title='bbox 528 1288 639 1371; x_wconf 89' lang='lat' dir='ltr'>aliquo</span> <span class='ocrx_word' id='word_1_66' title='bbox 669 1295 815 1371; x_wconf 87' lang='lat' dir='ltr'>peragat.</span> <span class='ocrx_word' id='word_1_67' title='bbox 865 1289 901 1353; x_wconf 94' lang='lat' dir='ltr'>ln</span> <span class='ocrx_word' id='word_1_68' title='bbox 928 1288 993 1352; x_wconf 83' lang='lat' dir='ltr'>ime</span> <span class='ocrx_word' id='word_1_69' title='bbox 1015 1307 1095 1355; x_wconf 88' lang='lat' dir='ltr'>vero</span> <span class='ocrx_word' id='word_1_70' title='bbox 1121 1290 1235 1372; x_wconf 90' lang='lat' dir='ltr'>capitis</span> <span class='ocrx_word' id='word_1_71' title='bbox 1259 1288 1346 1353; x_wconf 90' lang='lat' dir='ltr'>tertii</span> <span class='ocrx_word' id='word_1_72' title='bbox 1371 1287 1413 1351; x_wconf 92' lang='lat' dir='ltr'>ad</span> <span class='ocrx_word' id='word_1_73' title='bbox 1432 1287 1639 1353; x_wconf 84' lang='lat' dir='ltr'>Timotheum</span> <span class='ocrx_word' id='word_1_74' title='bbox 1663 1289 1770 1371; x_wconf 92' lang='lat' dir='ltr'>ipsum</span> <span class='ocrx_word' id='word_1_75' title='bbox 1796 1303 1832 1351; x_wconf 92' lang='lat' dir='ltr'>se</span> 
     </span>
     <span class='ocr_line' id='line_1_9' title="bbox 381 1383 1833 1474; baseline -0.002 -17"><span class='ocrx_word' id='word_1_76' title='bbox 381 1422 387 1437; x_wconf 56' lang='grc' dir='ltr'><em>ι</em></span> <span class='ocrx_word' id='word_1_77' title='bbox 419 1392 675 1468; x_wconf 91' lang='lat' dir='ltr'>convertentem,</span> <span class='ocrx_word' id='word_1_78' title='bbox 696 1391 794 1474; x_wconf 89' lang='lat' dir='ltr'>plane</span> <span class='ocrx_word' id='word_1_79' title='bbox 819 1392 890 1456; x_wconf 91' lang='lat' dir='ltr'>sine</span> <span class='ocrx_word' id='word_1_80' title='bbox 915 1390 1031 1456; x_wconf 93' lang='lat' dir='ltr'>ordine</span> <span class='ocrx_word' id='word_1_81' title='bbox 1056 1397 1195 1457; x_wconf 87' lang='lat' dir='ltr'>tractare</span> <span class='ocrx_word' id='word_1_82' title='bbox 1221 1408 1285 1468; x_wconf 91' lang='lat' dir='ltr'>res,</span> <span class='ocrx_word' id='word_1_83' title='bbox 1309 1389 1434 1473; x_wconf 76' lang='lat' dir='ltr'>adJecta</span> <span class='ocrx_word' id='word_1_84' title='bbox 1460 1389 1600 1456; x_wconf 81' lang='lat' dir='ltr'>sortasse</span> <span class='ocrx_word' id='word_1_85' title='bbox 1625 1409 1655 1456; x_wconf 88' lang='lat' dir='ltr'>v.</span> <span class='ocrx_word' id='word_1_86' title='bbox 1678 1383 1725 1455; x_wconf 84' lang='lat'>16</span> <span class='ocrx_word' id='word_1_87' title='bbox 1751 1406 1833 1454; x_wconf 90' lang='lat' dir='ltr'>con·</span> 
     </span>
    </p>
   </div>
   <div class='ocr_carea' id='block_1_3' title="bbox 298 1491 1832 1577">
    <p class='ocr_par' dir='ltr' id='par_1_3' title="bbox 298 1491 1832 1577">
     <span class='ocr_line' id='line_1_10' title="bbox 298 1491 1832 1577; baseline -0.003 -18"><span class='ocrx_word' id='word_1_88' title='bbox 298 1517 300 1523; x_wconf 48' lang='lat'><strong>¹</strong></span> <span class='ocrx_word' id='word_1_89' title='bbox 420 1493 564 1559; x_wconf 79' lang='lat' dir='ltr'>sessione</span> <span class='ocrx_word' id='word_1_90' title='bbox 591 1494 819 1569; x_wconf 87' lang='lat' dir='ltr'>ecclesiastica,</span> <span class='ocrx_word' id='word_1_91' title='bbox 845 1511 906 1559; x_wconf 92' lang='lat' dir='ltr'>nec</span> <span class='ocrx_word' id='word_1_92' title='bbox 930 1495 1047 1559; x_wconf 87' lang='lat' dir='ltr'>melius</span> <span class='ocrx_word' id='word_1_93' title='bbox 1074 1512 1172 1577; x_wconf 86' lang='lat' dir='ltr'>agere</span> <span class='ocrx_word' id='word_1_94' title='bbox 1194 1494 1227 1559; x_wconf 92' lang='lat' dir='ltr'>in</span> <span class='ocrx_word' id='word_1_95' title='bbox 1255 1499 1372 1576; x_wconf 90' lang='lat' dir='ltr'>quarto</span> <span class='ocrx_word' id='word_1_96' title='bbox 1399 1493 1514 1575; x_wconf 88' lang='lat' dir='ltr'>capita,</span> <span class='ocrx_word' id='word_1_97' title='bbox 1539 1494 1597 1557; x_wconf 92' lang='lat' dir='ltr'>uhi</span> <span class='ocrx_word' id='word_1_98' title='bbox 1622 1494 1763 1576; x_wconf 93' lang='lat' dir='ltr'>primum</span> <span class='ocrx_word' id='word_1_99' title='bbox 1791 1491 1832 1557; x_wconf 93' lang='lat' dir='ltr'>de</span> 
     </span>
    </p>
   </div>
   <div class='ocr_carea' id='block_1_4' title="bbox 421 1595 1833 1781">
    <p class='ocr_par' dir='ltr' id='par_1_4' title="bbox 421 1595 1833 1781">
     <span class='ocr_line' id='line_1_11' title="bbox 421 1595 1832 1680; baseline -0.001 -19"><span class='ocrx_word' id='word_1_100' title='bbox 421 1595 510 1661; x_wconf 79' lang='lat' dir='ltr'>falsis</span> <span class='ocrx_word' id='word_1_101' title='bbox 537 1595 725 1661; x_wconf 84' lang='lat' dir='ltr'>doctoribus</span> <span class='ocrx_word' id='word_1_102' title='bbox 751 1598 868 1662; x_wconf 93' lang='lat' dir='ltr'>iterum</span> <span class='ocrx_word' id='word_1_103' title='bbox 894 1598 1058 1677; x_wconf 90' lang='lat' dir='ltr'>loquatur,</span> <span class='ocrx_word' id='word_1_104' title='bbox 1083 1597 1141 1662; x_wconf 90' lang='lat' dir='ltr'>sed</span> <span class='ocrx_word' id='word_1_105' title='bbox 1167 1615 1267 1680; x_wconf 94' lang='lat' dir='ltr'>quum</span> <span class='ocrx_word' id='word_1_106' title='bbox 1290 1597 1468 1678; x_wconf 91' lang='lat' dir='ltr'>praesentis</span> <span class='ocrx_word' id='word_1_107' title='bbox 1495 1600 1527 1660; x_wconf 89' lang='lat' dir='ltr'>et</span> <span class='ocrx_word' id='word_1_108' title='bbox 1551 1596 1651 1670; x_wconf 79' lang='lat' dir='ltr'>futuri</span> <span class='ocrx_word' id='word_1_109' title='bbox 1675 1595 1832 1676; x_wconf 88' lang='lat' dir='ltr'>temporis</span> 
     </span>
     <span class='ocr_line' id='line_1_12' title="bbox 421 1697 1833 1781; baseline -0.001 -19"><span class='ocrx_word' id='word_1_110' title='bbox 421 1699 522 1763; x_wconf 81' lang='lat' dir='ltr'>salsos</span> <span class='ocrx_word' id='word_1_111' title='bbox 549 1697 700 1762; x_wconf 91' lang='lat' dir='ltr'>doctores</span> <span class='ocrx_word' id='word_1_112' title='bbox 727 1699 920 1781; x_wconf 89' lang='lat' dir='ltr'>permisceat</span> <span class='ocrx_word' id='word_1_113' title='bbox 941 1700 1091 1781; x_wconf 80' lang='lat' dir='ltr'>scriptor,</span> <span class='ocrx_word' id='word_1_114' title='bbox 1115 1704 1182 1765; x_wconf 90' lang='lat' dir='ltr'>lam</span> <span class='ocrx_word' id='word_1_115' title='bbox 1204 1700 1387 1764; x_wconf 86' lang='lat' dir='ltr'>indistincte</span> <span class='ocrx_word' id='word_1_116' title='bbox 1404 1701 1438 1761; x_wconf 89' lang='lat' dir='ltr'>et</span> <span class='ocrx_word' id='word_1_117' title='bbox 1456 1698 1673 1781; x_wconf 83' lang='lat' dir='ltr'>incomposite</span> <span class='ocrx_word' id='word_1_118' title='bbox 1690 1697 1833 1762; x_wconf 88' lang='lat' dir='ltr'>scrihere</span> 
     </span>
    </p>
   </div>
   <div class='ocr_carea' id='block_1_5' title="bbox 268 1800 1970 2090">
    <p class='ocr_par' dir='ltr' id='par_1_5' title="bbox 268 1800 1970 2090">
     <span class='ocr_line' id='line_1_13' title="bbox 423 1800 1970 1885; baseline -0.001 -20"><span class='ocrx_word' id='word_1_119' title='bbox 423 1819 515 1876; x_wconf 91' lang='lat' dir='ltr'>enm,</span> <span class='ocrx_word' id='word_1_120' title='bbox 550 1805 587 1865; x_wconf 91' lang='lat' dir='ltr'>ut</span> <span class='ocrx_word' id='word_1_121' title='bbox 617 1801 737 1866; x_wconf 92' lang='lat' dir='ltr'>Paulus</span> <span class='ocrx_word' id='word_1_122' title='bbox 769 1803 853 1867; x_wconf 91' lang='lat' dir='ltr'>haec</span> <span class='ocrx_word' id='word_1_123' title='bbox 884 1801 1027 1868; x_wconf 91' lang='lat' dir='ltr'>scrihere</span> <span class='ocrx_word' id='word_1_124' title='bbox 1062 1803 1199 1867; x_wconf 92' lang='lat' dir='ltr'>omnino</span> <span class='ocrx_word' id='word_1_125' title='bbox 1215 1882 1216 1885; x_wconf 8' lang='grc' dir='ltr'><strong>Ἴ</strong></span> <span class='ocrx_word' id='word_1_126' title='bbox 1232 1820 1299 1868; x_wconf 95' lang='lat' dir='ltr'>non</span> <span class='ocrx_word' id='word_1_127' title='bbox 1330 1801 1489 1883; x_wconf 89' lang='lat' dir='ltr'>potnerit;</span> <span class='ocrx_word' id='word_1_128' title='bbox 1531 1802 1691 1884; x_wconf 90' lang='lat' dir='ltr'>reliquam</span> <span class='ocrx_word' id='word_1_129' title='bbox 1718 1800 1832 1883; x_wconf 87' lang='lat' dir='ltr'>capitis</span> <span class='ocrx_word' id='word_1_130' title='bbox 1968 1828 1970 1837; x_wconf 94' lang='lat'>·</span> 
     </span>
     <span class='ocr_line' id='line_1_14' title="bbox 268 1893 1833 1987; baseline 0.002 -24"><span class='ocrx_word' id='word_1_131' title='bbox 268 1952 273 1963; x_wconf 93' lang='lat'>.</span> <span class='ocrx_word' id='word_1_132' title='bbox 410 1908 550 1987; x_wconf 86' lang='lat' dir='ltr'>partem</span> <span class='ocrx_word' id='word_1_133' title='bbox 576 1921 618 1968; x_wconf 84' lang='lat' dir='ltr'>ex</span> <span class='ocrx_word' id='word_1_134' title='bbox 642 1904 702 1969; x_wconf 88' lang='lat' dir='ltr'>Til.</span> <span class='ocrx_word' id='word_1_135' title='bbox 726 1903 766 1979; x_wconf 95' lang='lat' dir='ltr'>ll,</span> <span class='ocrx_word' id='word_1_136' title='bbox 792 1898 838 1969; x_wconf 91' lang='lat'>10</span> <span class='ocrx_word' id='word_1_137' title='bbox 862 1920 942 1985; x_wconf 75' lang='lat' dir='ltr'>sqq,</span> <span class='ocrx_word' id='word_1_138' title='bbox 967 1904 1006 1970; x_wconf 91' lang='grc' dir='ltr'>ΙΙ.</span> <span class='ocrx_word' id='word_1_139' title='bbox 1032 1903 1113 1969; x_wconf 85' lang='lat' dir='ltr'>Tim.</span> <span class='ocrx_word' id='word_1_140' title='bbox 1139 1905 1201 1982; x_wconf 95' lang='grc' dir='ltr'>ΙΙΙ,</span> <span class='ocrx_word' id='word_1_141' title='bbox 1232 1899 1289 1982; x_wconf 93' lang='grc'>10,</span> <span class='ocrx_word' id='word_1_142' title='bbox 1321 1897 1385 1981; x_wconf 88' lang='grc'>14,</span> <span class='ocrx_word' id='word_1_143' title='bbox 1416 1904 1477 1985; x_wconf 83' lang='grc' dir='ltr'>ΙΙΙ,</span> <span class='ocrx_word' id='word_1_144' title='bbox 1503 1893 1544 1979; x_wconf 89' lang='grc'>2,</span> <span class='ocrx_word' id='word_1_145' title='bbox 1571 1898 1594 1969; x_wconf 91' lang='grc'><strong>5</strong></span> <span class='ocrx_word' id='word_1_146' title='bbox 1621 1904 1833 1985; x_wconf 88' lang='lat' dir='ltr'>compilatam</span> 
     </span>
     <span class='ocr_line' id='line_1_15' title="bbox 424 2004 1930 2090; baseline -0.006 -18"><span class='ocrx_word' id='word_1_147' title='bbox 424 2023 505 2072; x_wconf 88' lang='lat' dir='ltr'>esse.</span> <span class='ocrx_word' id='word_1_148' title='bbox 568 2006 604 2069; x_wconf 94' lang='lat' dir='ltr'>ln</span> <span class='ocrx_word' id='word_1_149' title='bbox 637 2006 750 2086; x_wconf 89' lang='lat' dir='ltr'>quinto</span> <span class='ocrx_word' id='word_1_150' title='bbox 784 2006 890 2088; x_wconf 87' lang='lat' dir='ltr'>capite</span> <span class='ocrx_word' id='word_1_151' title='bbox 921 2022 981 2071; x_wconf 88' lang='lat' dir='ltr'>sna</span> <span class='ocrx_word' id='word_1_152' title='bbox 1014 2008 1158 2072; x_wconf 84' lang='lat' dir='ltr'>maxime</span> <span class='ocrx_word' id='word_1_153' title='bbox 1185 2024 1371 2090; x_wconf 88' lang='lat' dir='ltr'>proponere</span> <span class='ocrx_word' id='word_1_154' title='bbox 1394 2006 1586 2087; x_wconf 87' lang='lat' dir='ltr'>scriptorem</span> <span class='ocrx_word' id='word_1_155' title='bbox 1613 2012 1643 2070; x_wconf 91' lang='lat' dir='ltr'>et</span> <span class='ocrx_word' id='word_1_156' title='bbox 1668 2023 1765 2088; x_wconf 88' lang='lat' dir='ltr'>agere</span> <span class='ocrx_word' id='word_1_157' title='bbox 1793 2004 1833 2069; x_wconf 96' lang='lat' dir='ltr'>de</span> <span class='ocrx_word' id='word_1_158' title='bbox 1927 2057 1930 2063; x_wconf 27' lang='lat' dir='ltr'><strong><em>f</em></strong></span> 
     </span>
    </p>
   </div>
   <div class='ocr_carea' id='block_1_6' title="bbox 423 2096 1836 2499">
    <p class='ocr_par' dir='ltr' id='par_1_6' title="bbox 423 2096 1836 2499">
     <span class='ocr_line' id='line_1_16' title="bbox 423 2096 1835 2191; baseline -0.001 -17"><span class='ocrx_word' id='word_1_159' title='bbox 423 2096 584 2174; x_wconf 78' lang='lat' dir='ltr'>Timothei</span> <span class='ocrx_word' id='word_1_160' title='bbox 612 2107 803 2190; x_wconf 83' lang='lat' dir='ltr'>praeceptis,</span> <span class='ocrx_word' id='word_1_161' title='bbox 828 2108 869 2172; x_wconf 92' lang='lat' dir='ltr'>de</span> <span class='ocrx_word' id='word_1_162' title='bbox 894 2108 1010 2187; x_wconf 88' lang='lat' dir='ltr'>viduis,</span> <span class='ocrx_word' id='word_1_163' title='bbox 1035 2109 1153 2176; x_wconf 91' lang='lat' dir='ltr'>iterum</span> <span class='ocrx_word' id='word_1_164' title='bbox 1176 2109 1217 2175; x_wconf 93' lang='lat' dir='ltr'>de</span> <span class='ocrx_word' id='word_1_165' title='bbox 1243 2110 1427 2185; x_wconf 91' lang='lat' dir='ltr'>Timotheo,</span> <span class='ocrx_word' id='word_1_166' title='bbox 1452 2113 1521 2172; x_wconf 93' lang='lat' dir='ltr'>tum</span> <span class='ocrx_word' id='word_1_167' title='bbox 1547 2109 1587 2173; x_wconf 94' lang='lat' dir='ltr'>de</span> <span class='ocrx_word' id='word_1_168' title='bbox 1613 2107 1835 2191; x_wconf 84' lang='lat' dir='ltr'>preshyteris;</span> 
     </span>
     <span class='ocr_line' id='line_1_17' title="bbox 423 2210 1833 2292; baseline -0.002 -16"><span class='ocrx_word' id='word_1_169' title='bbox 423 2216 518 2276; x_wconf 81' lang='lat' dir='ltr'>sexto</span> <span class='ocrx_word' id='word_1_170' title='bbox 548 2210 689 2291; x_wconf 89' lang='lat' dir='ltr'>denique</span> <span class='ocrx_word' id='word_1_171' title='bbox 711 2212 817 2292; x_wconf 89' lang='lat' dir='ltr'>capite</span> <span class='ocrx_word' id='word_1_172' title='bbox 842 2210 910 2275; x_wconf 85' lang='lat' dir='ltr'>iere</span> <span class='ocrx_word' id='word_1_173' title='bbox 937 2212 1048 2276; x_wconf 89' lang='lat' dir='ltr'>omnia</span> <span class='ocrx_word' id='word_1_174' title='bbox 1074 2212 1213 2278; x_wconf 83' lang='lat' dir='ltr'>contusa</span> <span class='ocrx_word' id='word_1_175' title='bbox 1237 2230 1309 2277; x_wconf 89' lang='lat' dir='ltr'>esse</span> <span class='ocrx_word' id='word_1_176' title='bbox 1332 2216 1362 2276; x_wconf 91' lang='lat' dir='ltr'>et</span> <span class='ocrx_word' id='word_1_177' title='bbox 1390 2210 1441 2291; x_wconf 84' lang='lat' dir='ltr'>agi</span> <span class='ocrx_word' id='word_1_178' title='bbox 1468 2211 1651 2291; x_wconf 88' lang='lat' dir='ltr'>deservis,</span> <span class='ocrx_word' id='word_1_179' title='bbox 1677 2211 1718 2276; x_wconf 94' lang='lat' dir='ltr'>de</span> <span class='ocrx_word' id='word_1_180' title='bbox 1744 2210 1833 2277; x_wconf 81' lang='lat' dir='ltr'>falsis</span> 
     </span>
     <span class='ocr_line' id='line_1_18' title="bbox 424 2312 1836 2398; baseline -0.001 -19"><span class='ocrx_word' id='word_1_181' title='bbox 424 2312 612 2379; x_wconf 87' lang='lat' dir='ltr'>doctoribus</span> <span class='ocrx_word' id='word_1_182' title='bbox 639 2330 819 2396; x_wconf 91' lang='lat' dir='ltr'>eorumque</span> <span class='ocrx_word' id='word_1_183' title='bbox 845 2313 991 2392; x_wconf 84' lang='lat' dir='ltr'>avaritia,</span> <span class='ocrx_word' id='word_1_184' title='bbox 1017 2313 1058 2378; x_wconf 94' lang='lat' dir='ltr'>de</span> <span class='ocrx_word' id='word_1_185' title='bbox 1084 2315 1203 2398; x_wconf 88' lang='lat' dir='ltr'>pietate</span> <span class='ocrx_word' id='word_1_186' title='bbox 1230 2319 1261 2379; x_wconf 91' lang='lat' dir='ltr'>et</span> <span class='ocrx_word' id='word_1_187' title='bbox 1284 2314 1480 2398; x_wconf 77' lang='lat' dir='ltr'>frugalitate,</span> <span class='ocrx_word' id='word_1_188' title='bbox 1509 2314 1551 2379; x_wconf 94' lang='lat' dir='ltr'>de</span> <span class='ocrx_word' id='word_1_189' title='bbox 1576 2315 1750 2380; x_wconf 89' lang='lat' dir='ltr'>Timotheo</span> <span class='ocrx_word' id='word_1_190' title='bbox 1777 2330 1836 2378; x_wconf 91' lang='lat' dir='ltr'>co-</span> 
     </span>
     <span class='ocr_line' id='line_1_19' title="bbox 423 2407 1834 2499; baseline 0 -18"><span class='ocrx_word' id='word_1_191' title='bbox 423 2415 587 2482; x_wconf 88' lang='lat' dir='ltr'>hortando</span> <span class='ocrx_word' id='word_1_192' title='bbox 617 2414 659 2478; x_wconf 90' lang='lat' dir='ltr'>ad</span> <span class='ocrx_word' id='word_1_193' title='bbox 698 2415 951 2498; x_wconf 86' lang='lat' dir='ltr'>praedicandum</span> <span class='ocrx_word' id='word_1_194' title='bbox 977 2417 1203 2498; x_wconf 87' lang='lat' dir='ltr'>evangelium,</span> <span class='ocrx_word' id='word_1_195' title='bbox 1240 2418 1330 2499; x_wconf 93' lang='lat' dir='ltr'>quod</span> <span class='ocrx_word' id='word_1_196' title='bbox 1358 2415 1504 2483; x_wconf 84' lang='lat' dir='ltr'>Christus</span> <span class='ocrx_word' id='word_1_197' title='bbox 1538 2407 1644 2482; x_wconf 88' lang='lat' dir='ltr'>morte</span> <span class='ocrx_word' id='word_1_198' title='bbox 1677 2434 1698 2482; x_wconf 90' lang='lat' dir='ltr'>a</span> <span class='ocrx_word' id='word_1_199' title='bbox 1728 2417 1834 2482; x_wconf 85' lang='lat' dir='ltr'>Pilato</span> 
     </span>
    </p>
   </div>
   <div class='ocr_carea' id='block_1_7' title="bbox 304 2509 1836 2602">
    <p class='ocr_par' dir='ltr' id='par_1_7' title="bbox 304 2509 1836 2602">
     <span class='ocr_line' id='line_1_20' title="bbox 304 2509 1836 2602; baseline -0.003 -15"><span class='ocrx_word' id='word_1_200' title='bbox 304 2509 308 2524; x_wconf 53' lang='lat'>¹</span> <span class='ocrx_word' id='word_1_201' title='bbox 424 2519 559 2586; x_wconf 83' lang='lat' dir='ltr'>allectus</span> <span class='ocrx_word' id='word_1_202' title='bbox 583 2517 679 2581; x_wconf 89' lang='lat' dir='ltr'>nohis</span> <span class='ocrx_word' id='word_1_203' title='bbox 699 2519 903 2584; x_wconf 83' lang='lat' dir='ltr'>nunciaverit</span> <span class='ocrx_word' id='word_1_204' title='bbox 928 2523 961 2583; x_wconf 92' lang='lat' dir='ltr'>et</span> <span class='ocrx_word' id='word_1_205' title='bbox 987 2519 1074 2584; x_wconf 86' lang='lat' dir='ltr'>Deus</span> <span class='ocrx_word' id='word_1_206' title='bbox 1101 2521 1308 2602; x_wconf 88' lang='lat' dir='ltr'>omnipotens</span> <span class='ocrx_word' id='word_1_207' title='bbox 1342 2519 1518 2601; x_wconf 92' lang='lat' dir='ltr'>aliquando</span> <span class='ocrx_word' id='word_1_208' title='bbox 1550 2538 1610 2602; x_wconf 90' lang='lat' dir='ltr'>per</span> <span class='ocrx_word' id='word_1_209' title='bbox 1641 2525 1745 2585; x_wconf 90' lang='lat' dir='ltr'>lotum</span> <span class='ocrx_word' id='word_1_210' title='bbox 1779 2537 1836 2584; x_wconf 92' lang='lat' dir='ltr'>or-</span> 
     </span>
    </p>
   </div>
   <div class='ocr_carea' id='block_1_8' title="bbox 351 2620 1874 4759">
    <p class='ocr_par' dir='ltr' id='par_1_8' title="bbox 351 2620 1874 4759">
     <span class='ocr_line' id='line_1_21' title="bbox 423 2620 1835 2705; baseline -0.001 -18"><span class='ocrx_word' id='word_1_211' title='bbox 423 2623 501 2687; x_wconf 93' lang='lat' dir='ltr'>hem</span> <span class='ocrx_word' id='word_1_212' title='bbox 526 2625 687 2684; x_wconf 86' lang='lat' dir='ltr'>terrarum</span> <span class='ocrx_word' id='word_1_213' title='bbox 714 2637 888 2704; x_wconf 89' lang='lat' dir='ltr'>sparsurus</span> <span class='ocrx_word' id='word_1_214' title='bbox 913 2621 964 2698; x_wconf 88' lang='lat' dir='ltr'>sit,</span> <span class='ocrx_word' id='word_1_215' title='bbox 991 2622 1032 2687; x_wconf 91' lang='lat' dir='ltr'>de</span> <span class='ocrx_word' id='word_1_216' title='bbox 1051 2620 1215 2704; x_wconf 87' lang='lat' dir='ltr'>divitibus,</span> <span class='ocrx_word' id='word_1_217' title='bbox 1240 2622 1379 2705; x_wconf 92' lang='lat' dir='ltr'>deniqne</span> <span class='ocrx_word' id='word_1_218' title='bbox 1401 2621 1441 2688; x_wconf 90' lang='lat' dir='ltr'>de</span> <span class='ocrx_word' id='word_1_219' title='bbox 1455 2622 1639 2702; x_wconf 91' lang='lat' dir='ltr'>Timotheo,</span> <span class='ocrx_word' id='word_1_220' title='bbox 1666 2620 1835 2704; x_wconf 94' lang='lat' dir='ltr'>quomodo</span> 
     </span>
     <span class='ocr_line' id='line_1_22' title="bbox 425 2722 1836 2808; baseline 0 -19"><span class='ocrx_word' id='word_1_221' title='bbox 425 2742 461 2789; x_wconf 88' lang='lat' dir='ltr'>se</span> <span class='ocrx_word' id='word_1_222' title='bbox 487 2740 601 2805; x_wconf 80' lang='lat' dir='ltr'>gerere</span> <span class='ocrx_word' id='word_1_223' title='bbox 627 2722 753 2789; x_wconf 91' lang='lat' dir='ltr'>deheat.</span> <span class='ocrx_word' id='word_1_224' title='bbox 804 2723 990 2790; x_wconf 85' lang='lat' dir='ltr'>Sententiae</span> <span class='ocrx_word' id='word_1_225' title='bbox 1014 2725 1180 2807; x_wconf 79' lang='lat' dir='ltr'>singulae,</span> <span class='ocrx_word' id='word_1_226' title='bbox 1215 2744 1296 2806; x_wconf 91' lang='lat' dir='ltr'>quas</span> <span class='ocrx_word' id='word_1_227' title='bbox 1322 2724 1601 2790; x_wconf 87' lang='lat' dir='ltr'>Schleiermacher</span> <span class='ocrx_word' id='word_1_228' title='bbox 1627 2724 1836 2808; x_wconf 88' lang='lat' dir='ltr'>reprehendit</span> 
     </span>
     <span class='ocr_line' id='line_1_23' title="bbox 424 2825 1836 2909; baseline 0.002 -18"><span class='ocrx_word' id='word_1_229' title='bbox 424 2831 525 2908; x_wconf 90' lang='lat' dir='ltr'>utque</span> <span class='ocrx_word' id='word_1_230' title='bbox 551 2842 572 2890; x_wconf 90' lang='lat' dir='ltr'>a</span> <span class='ocrx_word' id='word_1_231' title='bbox 592 2825 686 2889; x_wconf 89' lang='lat' dir='ltr'>Pauli</span> <span class='ocrx_word' id='word_1_232' title='bbox 711 2827 860 2892; x_wconf 88' lang='lat' dir='ltr'>doctrina</span> <span class='ocrx_word' id='word_1_233' title='bbox 886 2826 1009 2892; x_wconf 89' lang='lat' dir='ltr'>alienas</span> <span class='ocrx_word' id='word_1_234' title='bbox 1034 2832 1135 2905; x_wconf 85' lang='lat' dir='ltr'>notat,</span> <span class='ocrx_word' id='word_1_235' title='bbox 1162 2829 1225 2894; x_wconf 93' lang='lat' dir='ltr'>hae</span> <span class='ocrx_word' id='word_1_236' title='bbox 1250 2833 1342 2893; x_wconf 89' lang='lat' dir='ltr'>sunt:</span> <span class='ocrx_word' id='word_1_237' title='bbox 1377 2828 1419 2892; x_wconf 90' lang='lat' dir='ltr'>de</span> <span class='ocrx_word' id='word_1_238' title='bbox 1444 2828 1517 2909; x_wconf 84' lang='lat' dir='ltr'>lege</span> <span class='ocrx_word' id='word_1_239' title='bbox 1539 2830 1684 2894; x_wconf 91' lang='lat' dir='ltr'>mosaica</span> <span class='ocrx_word' id='word_1_240' title='bbox 1707 2829 1744 2897; x_wconf 92' lang='lat' dir='ltr'>in</span> <span class='ocrx_word' id='word_1_241' title='bbox 1764 2845 1836 2894; x_wconf 91' lang='lat' dir='ltr'>ma-</span> 
     </span>
     <span class='ocr_line' id='line_1_24' title="bbox 424 2922 1837 3019; baseline 0.001 -25"><span class='ocrx_word' id='word_1_242' title='bbox 424 2930 477 2995; x_wconf 90' lang='lat' dir='ltr'>los</span> <span class='ocrx_word' id='word_1_243' title='bbox 500 2931 625 2994; x_wconf 89' lang='lat' dir='ltr'>tantum</span> <span class='ocrx_word' id='word_1_244' title='bbox 647 2929 713 2993; x_wconf 89' lang='lat' dir='ltr'>lata</span> <span class='ocrx_word' id='word_1_245' title='bbox 739 2923 773 3017; x_wconf 81' lang='lat' dir='ltr'>(l,</span> <span class='ocrx_word' id='word_1_246' title='bbox 800 2922 845 3017; x_wconf 88' lang='grc'>8),</span> <span class='ocrx_word' id='word_1_247' title='bbox 871 2929 911 2993; x_wconf 94' lang='lat' dir='ltr'>de</span> <span class='ocrx_word' id='word_1_248' title='bbox 935 2930 1029 2994; x_wconf 86' lang='lat' dir='ltr'>Pauli</span> <span class='ocrx_word' id='word_1_249' title='bbox 1052 2931 1117 2996; x_wconf 83' lang='lat' dir='ltr'>vila</span> <span class='ocrx_word' id='word_1_250' title='bbox 1133 2928 1311 3014; x_wconf 78' lang='lat' dir='ltr'>&#39;quomodo</span> <span class='ocrx_word' id='word_1_251' title='bbox 1337 2930 1541 2995; x_wconf 86' lang='lat' dir='ltr'>describatur</span> <span class='ocrx_word' id='word_1_252' title='bbox 1558 2929 1592 3019; x_wconf 85' lang='lat' dir='ltr'>(l,</span> <span class='ocrx_word' id='word_1_253' title='bbox 1613 2926 1656 2996; x_wconf 96' lang='lat' dir='ltr'>ll</span> <span class='ocrx_word' id='word_1_254' title='bbox 1674 2948 1745 3012; x_wconf 91' lang='lat' dir='ltr'>sqq.</span> <span class='ocrx_word' id='word_1_255' title='bbox 1762 2932 1837 2996; x_wconf 92' lang='lat' dir='ltr'>coll.</span> 
     </span>
     <span class='ocr_line' id='line_1_25' title="bbox 427 3022 1838 3119; baseline 0.001 -22"><span class='ocrx_word' id='word_1_256' title='bbox 427 3029 499 3097; x_wconf 87' lang='lat' dir='ltr'>Gal.</span> <span class='ocrx_word' id='word_1_257' title='bbox 521 3030 554 3106; x_wconf 95' lang='grc' dir='ltr'>Ι,</span> <span class='ocrx_word' id='word_1_258' title='bbox 579 3022 739 3096; x_wconf 89' lang='grc'><strong>13-15</strong></span> <span class='ocrx_word' id='word_1_259' title='bbox 766 3036 798 3095; x_wconf 91' lang='lat' dir='ltr'>et</span> <span class='ocrx_word' id='word_1_260' title='bbox 823 3031 940 3114; x_wconf 87' lang='lat' dir='ltr'>Philip.</span> <span class='ocrx_word' id='word_1_261' title='bbox 965 3031 1027 3110; x_wconf 93' lang='grc' dir='ltr'>ΙΙΙ,</span> <span class='ocrx_word' id='word_1_262' title='bbox 1053 3026 1107 3119; x_wconf 87' lang='grc'>6),</span> <span class='ocrx_word' id='word_1_263' title='bbox 1140 3033 1181 3098; x_wconf 94' lang='lat' dir='ltr'>de</span> <span class='ocrx_word' id='word_1_264' title='bbox 1206 3034 1313 3114; x_wconf 90' lang='lat' dir='ltr'>primo</span> <span class='ocrx_word' id='word_1_265' title='bbox 1338 3038 1474 3115; x_wconf 91' lang='lat' dir='ltr'>peccato</span> <span class='ocrx_word' id='word_1_266' title='bbox 1499 3034 1541 3098; x_wconf 90' lang='lat' dir='ltr'>ah</span> <span class='ocrx_word' id='word_1_267' title='bbox 1567 3032 1637 3098; x_wconf 86' lang='lat' dir='ltr'>Eva</span> <span class='ocrx_word' id='word_1_268' title='bbox 1661 3034 1838 3098; x_wconf 90' lang='lat' dir='ltr'>commisso</span> 
     </span>
     <span class='ocr_line' id='line_1_26' title="bbox 371 3125 1839 3222; baseline 0.001 -24"><span class='ocrx_word' id='word_1_269' title='bbox 371 3191 374 3198; x_wconf 93' lang='lat'><em>.</em></span> <span class='ocrx_word' id='word_1_270' title='bbox 428 3129 478 3222; x_wconf 80' lang='lat' dir='ltr'>(ll,</span> <span class='ocrx_word' id='word_1_271' title='bbox 507 3125 553 3198; x_wconf 89' lang='grc'>14</span> <span class='ocrx_word' id='word_1_272' title='bbox 577 3134 651 3197; x_wconf 92' lang='lat' dir='ltr'>coll.</span> <span class='ocrx_word' id='word_1_273' title='bbox 678 3133 771 3199; x_wconf 85' lang='lat' dir='ltr'>Rom.</span> <span class='ocrx_word' id='word_1_274' title='bbox 799 3135 834 3212; x_wconf 89' lang='lat' dir='ltr'>V,</span> <span class='ocrx_word' id='word_1_275' title='bbox 861 3125 933 3222; x_wconf 88' lang='grc'>12),</span> <span class='ocrx_word' id='word_1_276' title='bbox 970 3134 1010 3199; x_wconf 90' lang='lat' dir='ltr'>de</span> <span class='ocrx_word' id='word_1_277' title='bbox 1037 3133 1166 3200; x_wconf 87' lang='lat' dir='ltr'>leminis</span> <span class='ocrx_word' id='word_1_278' title='bbox 1194 3135 1236 3199; x_wconf 90' lang='lat' dir='ltr'>ad</span> <span class='ocrx_word' id='word_1_279' title='bbox 1261 3135 1436 3218; x_wconf 88' lang='lat' dir='ltr'>pariendos</span> <span class='ocrx_word' id='word_1_280' title='bbox 1463 3136 1584 3201; x_wconf 88' lang='lat' dir='ltr'>liberos</span> <span class='ocrx_word' id='word_1_281' title='bbox 1618 3136 1784 3201; x_wconf 89' lang='lat' dir='ltr'>destinatis</span> <span class='ocrx_word' id='word_1_282' title='bbox 1806 3142 1839 3200; x_wconf 85' lang='lat' dir='ltr'>et</span> 
     </span>
     <span class='ocr_line' id='line_1_27' title="bbox 428 3231 1840 3329; baseline 0 -29"><span class='ocrx_word' id='word_1_283' title='bbox 428 3238 490 3302; x_wconf 90' lang='lat' dir='ltr'>hac</span> <span class='ocrx_word' id='word_1_284' title='bbox 515 3253 551 3302; x_wconf 93' lang='lat' dir='ltr'>re</span> <span class='ocrx_word' id='word_1_285' title='bbox 575 3236 679 3302; x_wconf 90' lang='lat' dir='ltr'>salute</span> <span class='ocrx_word' id='word_1_286' title='bbox 705 3235 866 3301; x_wconf 88' lang='lat' dir='ltr'>donandis</span> <span class='ocrx_word' id='word_1_287' title='bbox 892 3231 941 3323; x_wconf 77' lang='lat' dir='ltr'>(ll,</span> <span class='ocrx_word' id='word_1_288' title='bbox 962 3232 1007 3303; x_wconf 88' lang='grc'>15</span> <span class='ocrx_word' id='word_1_289' title='bbox 1032 3239 1106 3302; x_wconf 90' lang='lat' dir='ltr'>coll.</span> <span class='ocrx_word' id='word_1_290' title='bbox 1133 3239 1157 3303; x_wconf 94' lang='grc' dir='ltr'>Ι.</span> <span class='ocrx_word' id='word_1_291' title='bbox 1184 3236 1259 3304; x_wconf 85' lang='lat' dir='ltr'>Gor.</span> <span class='ocrx_word' id='word_1_292' title='bbox 1286 3239 1352 3315; x_wconf 86' lang='lat' dir='ltr'>vu,</span> <span class='ocrx_word' id='word_1_293' title='bbox 1373 3239 1414 3303; x_wconf 91' lang='lat' dir='ltr'>de</span> <span class='ocrx_word' id='word_1_294' title='bbox 1436 3236 1554 3304; x_wconf 84' lang='lat' dir='ltr'>Christi</span> <span class='ocrx_word' id='word_1_295' title='bbox 1580 3241 1714 3304; x_wconf 92' lang='lat' dir='ltr'>nomine</span> <span class='ocrx_word' id='word_1_296' title='bbox 1737 3231 1840 3329; x_wconf 77' lang='grc' dir='ltr'><em>μεσί.</em></span> 
     </span>
     <span class='ocr_line' id='line_1_28' title="bbox 429 3334 1839 3430; baseline 0.001 -28"><span class='ocrx_word' id='word_1_297' title='bbox 429 3360 511 3424; x_wconf 69' lang='grc' dir='ltr'>της,</span> <span class='ocrx_word' id='word_1_298' title='bbox 544 3357 610 3421; x_wconf 92' lang='lat' dir='ltr'>quo</span> <span class='ocrx_word' id='word_1_299' title='bbox 642 3339 781 3403; x_wconf 92' lang='lat' dir='ltr'>Paulum</span> <span class='ocrx_word' id='word_1_300' title='bbox 800 3356 895 3403; x_wconf 76' lang='lat' dir='ltr'>mum</span> <span class='ocrx_word' id='word_1_301' title='bbox 921 3357 993 3405; x_wconf 90' lang='lat' dir='ltr'>esse</span> <span class='ocrx_word' id='word_1_302' title='bbox 1019 3345 1117 3421; x_wconf 91' lang='lat' dir='ltr'>negat</span> <span class='ocrx_word' id='word_1_303' title='bbox 1140 3336 1189 3427; x_wconf 86' lang='grc' dir='ltr'>(ΙΙ,</span> <span class='ocrx_word' id='word_1_304' title='bbox 1215 3334 1250 3418; x_wconf 87' lang='grc'>5,</span> <span class='ocrx_word' id='word_1_305' title='bbox 1276 3343 1351 3406; x_wconf 87' lang='lat' dir='ltr'>coll.</span> <span class='ocrx_word' id='word_1_306' title='bbox 1379 3339 1449 3407; x_wconf 91' lang='lat' dir='ltr'>Gal.</span> <span class='ocrx_word' id='word_1_307' title='bbox 1478 3342 1531 3418; x_wconf 86' lang='grc' dir='ltr'>ΙΙΙ,</span> <span class='ocrx_word' id='word_1_308' title='bbox 1561 3336 1638 3430; x_wconf 86' lang='grc'>19);</span> <span class='ocrx_word' id='word_1_309' title='bbox 1676 3341 1760 3406; x_wconf 88' lang='lat' dir='ltr'>aliae</span> <span class='ocrx_word' id='word_1_310' title='bbox 1785 3358 1839 3404; x_wconf 91' lang='lat' dir='ltr'>se·</span> 
     </span>
     <span class='ocr_line' id='line_1_29' title="bbox 428 3441 1840 3543; baseline -0.001 -36"><span class='ocrx_word' id='word_1_311' title='bbox 428 3441 536 3507; x_wconf 93' lang='lat' dir='ltr'>cundo</span> <span class='ocrx_word' id='word_1_312' title='bbox 561 3441 657 3524; x_wconf 88' lang='lat' dir='ltr'>hujus</span> <span class='ocrx_word' id='word_1_313' title='bbox 683 3442 831 3524; x_wconf 89' lang='lat' dir='ltr'>opusculi</span> <span class='ocrx_word' id='word_1_314' title='bbox 856 3443 961 3524; x_wconf 89' lang='lat' dir='ltr'>capite</span> <span class='ocrx_word' id='word_1_315' title='bbox 987 3442 1181 3543; x_wconf 74' lang='lat' dir='ltr'>referendae</span> <span class='ocrx_word' id='word_1_316' title='bbox 1204 3447 1289 3510; x_wconf 79' lang='lat' dir='ltr'>sunt</span> <span class='ocrx_word' id='word_1_317' title='bbox 1347 3443 1485 3527; x_wconf 86' lang='lat' dir='ltr'>Propter</span> <span class='ocrx_word' id='word_1_318' title='bbox 1518 3462 1633 3510; x_wconf 90' lang='lat' dir='ltr'>omnes</span> <span class='ocrx_word' id='word_1_319' title='bbox 1666 3445 1726 3509; x_wconf 89' lang='lat' dir='ltr'>has</span> <span class='ocrx_word' id='word_1_320' title='bbox 1760 3459 1840 3507; x_wconf 90' lang='lat' dir='ltr'>cau-</span> 
     </span>
     <span class='ocr_line' id='line_1_30' title="bbox 428 3541 1840 3630; baseline 0 -21"><span class='ocrx_word' id='word_1_321' title='bbox 428 3561 499 3622; x_wconf 90' lang='lat' dir='ltr'>sas,</span> <span class='ocrx_word' id='word_1_322' title='bbox 533 3549 565 3608; x_wconf 86' lang='lat' dir='ltr'>et</span> <span class='ocrx_word' id='word_1_323' title='bbox 598 3541 687 3626; x_wconf 93' lang='lat' dir='ltr'>quod</span> <span class='ocrx_word' id='word_1_324' title='bbox 719 3548 786 3611; x_wconf 88' lang='lat' dir='ltr'>tam</span> <span class='ocrx_word' id='word_1_325' title='bbox 812 3545 916 3609; x_wconf 89' lang='lat' dir='ltr'>multa</span> <span class='ocrx_word' id='word_1_326' title='bbox 939 3545 1178 3628; x_wconf 86' lang='lat' dir='ltr'>compilationis</span> <span class='ocrx_word' id='word_1_327' title='bbox 1205 3546 1298 3627; x_wconf 89' lang='lat' dir='ltr'>signa</span> <span class='ocrx_word' id='word_1_328' title='bbox 1323 3548 1480 3629; x_wconf 90' lang='lat' dir='ltr'>praebeat</span> <span class='ocrx_word' id='word_1_329' title='bbox 1504 3548 1660 3630; x_wconf 90' lang='lat' dir='ltr'>epistola,</span> <span class='ocrx_word' id='word_1_330' title='bbox 1694 3551 1726 3610; x_wconf 90' lang='lat' dir='ltr'>et</span> <span class='ocrx_word' id='word_1_331' title='bbox 1751 3544 1840 3628; x_wconf 93' lang='lat' dir='ltr'>quod</span> 
     </span>
     <span class='ocr_line' id='line_1_31' title="bbox 351 3645 1874 3733; baseline 0.001 -22"><span class='ocrx_word' id='word_1_332' title='bbox 351 3723 353 3727; x_wconf 11' lang='lat'><strong>¹</strong></span> <span class='ocrx_word' id='word_1_333' title='bbox 428 3647 538 3712; x_wconf 85' lang='lat' dir='ltr'>atine</span> <span class='ocrx_word' id='word_1_334' title='bbox 559 3645 729 3727; x_wconf 91' lang='lat' dir='ltr'>proposito</span> <span class='ocrx_word' id='word_1_335' title='bbox 756 3650 787 3710; x_wconf 90' lang='lat' dir='ltr'>et</span> <span class='ocrx_word' id='word_1_336' title='bbox 813 3647 979 3713; x_wconf 91' lang='lat' dir='ltr'>declarato</span> <span class='ocrx_word' id='word_1_337' title='bbox 1006 3649 1152 3727; x_wconf 88' lang='lat' dir='ltr'>aberret,</span> <span class='ocrx_word' id='word_1_338' title='bbox 1177 3653 1208 3714; x_wconf 91' lang='lat' dir='ltr'>et</span> <span class='ocrx_word' id='word_1_339' title='bbox 1235 3647 1323 3731; x_wconf 90' lang='lat' dir='ltr'>quod</span> <span class='ocrx_word' id='word_1_340' title='bbox 1349 3655 1440 3715; x_wconf 91' lang='lat' dir='ltr'>recto</span> <span class='ocrx_word' id='word_1_341' title='bbox 1462 3650 1632 3733; x_wconf 84' lang='lat' dir='ltr'>Pauloque</span> <span class='ocrx_word' id='word_1_342' title='bbox 1660 3649 1760 3730; x_wconf 93' lang='lat' dir='ltr'>digno</span> <span class='ocrx_word' id='word_1_343' title='bbox 1786 3666 1840 3713; x_wconf 85' lang='lat' dir='ltr'>ar·</span> <span class='ocrx_word' id='word_1_344' title='bbox 1871 3691 1874 3705; x_wconf 83' lang='lat'><em>.</em></span> 
     </span>
     <span class='ocr_line' id='line_1_32' title="bbox 429 3748 1841 3834; baseline 0 -20"><span class='ocrx_word' id='word_1_345' title='bbox 429 3752 583 3830; x_wconf 90' lang='lat' dir='ltr'>gumento</span> <span class='ocrx_word' id='word_1_346' title='bbox 609 3748 907 3832; x_wconf 84' lang='lat' dir='ltr'>sententiarumque</span> <span class='ocrx_word' id='word_1_347' title='bbox 933 3769 1020 3816; x_wconf 89' lang='lat' dir='ltr'>nexu</span> <span class='ocrx_word' id='word_1_348' title='bbox 1047 3758 1176 3828; x_wconf 90' lang='lat' dir='ltr'>careat,</span> <span class='ocrx_word' id='word_1_349' title='bbox 1202 3755 1234 3817; x_wconf 89' lang='lat' dir='ltr'>et</span> <span class='ocrx_word' id='word_1_350' title='bbox 1260 3750 1348 3832; x_wconf 94' lang='lat' dir='ltr'>quod</span> <span class='ocrx_word' id='word_1_351' title='bbox 1372 3753 1481 3818; x_wconf 91' lang='lat' dir='ltr'>multis</span> <span class='ocrx_word' id='word_1_352' title='bbox 1507 3753 1589 3818; x_wconf 92' lang='lat' dir='ltr'>locis</span> <span class='ocrx_word' id='word_1_353' title='bbox 1614 3754 1656 3817; x_wconf 92' lang='lat' dir='ltr'>ah</span> <span class='ocrx_word' id='word_1_354' title='bbox 1682 3752 1752 3834; x_wconf 76' lang='lat' dir='ltr'>elus</span> <span class='ocrx_word' id='word_1_355' title='bbox 1779 3751 1841 3814; x_wconf 94' lang='lat' dir='ltr'>do-</span> 
     </span>
     <span class='ocr_line' id='line_1_33' title="bbox 429 3850 1842 3945; baseline 0.002 -31"><span class='ocrx_word' id='word_1_356' title='bbox 429 3852 533 3916; x_wconf 89' lang='lat' dir='ltr'>ctrina</span> <span class='ocrx_word' id='word_1_357' title='bbox 556 3850 696 3927; x_wconf 83' lang='lat' dir='ltr'>recedat,</span> <span class='ocrx_word' id='word_1_358' title='bbox 717 3850 1191 3945; x_wconf 78' lang='lat' dir='ltr'>concluditSchleiermacher,</span> <span class='ocrx_word' id='word_1_359' title='bbox 1218 3853 1389 3935; x_wconf 91' lang='lat' dir='ltr'>epistolam</span> <span class='ocrx_word' id='word_1_360' title='bbox 1417 3872 1489 3920; x_wconf 89' lang='lat' dir='ltr'>esse</span> <span class='ocrx_word' id='word_1_361' title='bbox 1515 3874 1535 3922; x_wconf 92' lang='lat' dir='ltr'>a</span> <span class='ocrx_word' id='word_1_362' title='bbox 1563 3855 1656 3921; x_wconf 89' lang='lat' dir='ltr'>Pauli</span> <span class='ocrx_word' id='word_1_363' title='bbox 1681 3854 1842 3936; x_wconf 88' lang='lat' dir='ltr'>discipulo</span> 
     </span>
     <span class='ocr_line' id='line_1_34' title="bbox 354 3953 1841 4046; baseline 0.002 -29"><span class='ocrx_word' id='word_1_364' title='bbox 354 4043 355 4046; x_wconf 8' lang='grc' dir='ltr'><strong>Ἴ</strong></span> <span class='ocrx_word' id='word_1_365' title='bbox 430 3953 572 4036; x_wconf 90' lang='lat' dir='ltr'>quodam</span> <span class='ocrx_word' id='word_1_366' title='bbox 597 3954 805 4035; x_wconf 89' lang='lat' dir='ltr'>compilatam</span> <span class='ocrx_word' id='word_1_367' title='bbox 827 3961 859 4019; x_wconf 84' lang='lat' dir='ltr'>at</span> <span class='ocrx_word' id='word_1_368' title='bbox 883 3955 1022 4034; x_wconf 84' lang='lat' dir='ltr'>editam;</span> <span class='ocrx_word' id='word_1_369' title='bbox 1061 3958 1205 4024; x_wconf 91' lang='lat' dir='ltr'>rationes</span> <span class='ocrx_word' id='word_1_370' title='bbox 1224 3973 1323 4035; x_wconf 88' lang='lat' dir='ltr'>vero,</span> <span class='ocrx_word' id='word_1_371' title='bbox 1360 3958 1469 4024; x_wconf 89' lang='lat' dir='ltr'>locum</span> <span class='ocrx_word' id='word_1_372' title='bbox 1496 3963 1528 4023; x_wconf 94' lang='lat' dir='ltr'>et</span> <span class='ocrx_word' id='word_1_373' title='bbox 1552 3964 1698 4042; x_wconf 89' lang='lat' dir='ltr'>tempus,</span> <span class='ocrx_word' id='word_1_374' title='bbox 1724 3957 1841 4040; x_wconf 90' lang='lat' dir='ltr'>quihus</span> 
     </span>
     <span class='ocr_line' id='line_1_35' title="bbox 429 4056 1316 4134; baseline 0.006 -14"><span class='ocrx_word' id='word_1_375' title='bbox 429 4057 495 4120; x_wconf 95' lang='lat' dir='ltr'>hoc</span> <span class='ocrx_word' id='word_1_376' title='bbox 518 4056 638 4122; x_wconf 84' lang='lat' dir='ltr'>laetam</span> <span class='ocrx_word' id='word_1_377' title='bbox 662 4056 720 4134; x_wconf 88' lang='lat' dir='ltr'>sit,</span> <span class='ocrx_word' id='word_1_378' title='bbox 752 4059 934 4123; x_wconf 86' lang='lat' dir='ltr'>accuratius</span> <span class='ocrx_word' id='word_1_379' title='bbox 955 4059 1091 4124; x_wconf 89' lang='lat' dir='ltr'>delinire</span> <span class='ocrx_word' id='word_1_380' title='bbox 1114 4077 1181 4125; x_wconf 93' lang='lat' dir='ltr'>non</span> <span class='ocrx_word' id='word_1_381' title='bbox 1207 4058 1316 4125; x_wconf 89' lang='lat' dir='ltr'>audet.</span> 
     </span>
     <span class='ocr_line' id='line_1_36' title="bbox 382 4149 1844 4256; baseline 0.003 -34"><span class='ocrx_word' id='word_1_382' title='bbox 382 4239 386 4256; x_wconf 86' lang='lat'><em>.</em></span> <span class='ocrx_word' id='word_1_383' title='bbox 542 4149 576 4224; x_wconf 88' lang='lat'>2.</span> <span class='ocrx_word' id='word_1_384' title='bbox 625 4158 792 4225; x_wconf 85' lang='lat' dir='ltr'>Eichhorn</span> <span class='ocrx_word' id='word_1_385' title='bbox 818 4161 997 4225; x_wconf 91' lang='lat' dir='ltr'>secundum</span> <span class='ocrx_word' id='word_1_386' title='bbox 1024 4179 1097 4226; x_wconf 91' lang='lat' dir='ltr'>eam</span> <span class='ocrx_word' id='word_1_387' title='bbox 1123 4179 1222 4244; x_wconf 93' lang='lat' dir='ltr'>quam</span> <span class='ocrx_word' id='word_1_388' title='bbox 1249 4163 1361 4228; x_wconf 90' lang='lat' dir='ltr'>animo</span> <span class='ocrx_word' id='word_1_389' title='bbox 1387 4166 1537 4245; x_wconf 92' lang='lat' dir='ltr'>concepit</span> <span class='ocrx_word' id='word_1_390' title='bbox 1552 4163 1757 4240; x_wconf 89' lang='lat' dir='ltr'>sententiam,</span> <span class='ocrx_word' id='word_1_391' title='bbox 1780 4179 1844 4226; x_wconf 93' lang='lat' dir='ltr'>no-</span> 
     </span>
     <span class='ocr_line' id='line_1_37' title="bbox 430 4261 1844 4348; baseline 0.001 -23"><span class='ocrx_word' id='word_1_392' title='bbox 430 4268 532 4325; x_wconf 85' lang='lat' dir='ltr'>stram</span> <span class='ocrx_word' id='word_1_393' title='bbox 557 4261 729 4342; x_wconf 89' lang='lat' dir='ltr'>epistolam</span> <span class='ocrx_word' id='word_1_394' title='bbox 764 4279 839 4329; x_wconf 92' lang='lat' dir='ltr'>eum</span> <span class='ocrx_word' id='word_1_395' title='bbox 865 4263 899 4327; x_wconf 94' lang='lat' dir='ltr'>in</span> <span class='ocrx_word' id='word_1_396' title='bbox 925 4263 1060 4329; x_wconf 90' lang='lat' dir='ltr'>modum</span> <span class='ocrx_word' id='word_1_397' title='bbox 1087 4268 1193 4329; x_wconf 89' lang='lat' dir='ltr'>ortam</span> <span class='ocrx_word' id='word_1_398' title='bbox 1225 4281 1296 4330; x_wconf 88' lang='lat' dir='ltr'>esse</span> <span class='ocrx_word' id='word_1_399' title='bbox 1323 4265 1508 4341; x_wconf 90' lang='lat' dir='ltr'>contendit,</span> <span class='ocrx_word' id='word_1_400' title='bbox 1536 4269 1572 4329; x_wconf 88' lang='lat' dir='ltr'>ut</span> <span class='ocrx_word' id='word_1_401' title='bbox 1592 4266 1720 4348; x_wconf 62' lang='lat' dir='ltr'>,aliquis</span> <span class='ocrx_word' id='word_1_402' title='bbox 1750 4263 1844 4329; x_wconf 88' lang='lat' dir='ltr'>Pauli</span> 
     </span>
     <span class='ocr_line' id='line_1_38' title="bbox 430 4361 1844 4449; baseline 0.004 -23"><span class='ocrx_word' id='word_1_403' title='bbox 430 4361 625 4443; x_wconf 90' lang='lat' dir='ltr'>discipulus,</span> <span class='ocrx_word' id='word_1_404' title='bbox 659 4366 715 4446; x_wconf 94' lang='lat' dir='ltr'>qui</span> <span class='ocrx_word' id='word_1_405' title='bbox 740 4366 921 4448; x_wconf 90' lang='lat' dir='ltr'>pastorales</span> <span class='ocrx_word' id='word_1_406' title='bbox 946 4366 1100 4448; x_wconf 87' lang='lat' dir='ltr'>epistolas</span> <span class='ocrx_word' id='word_1_407' title='bbox 1125 4367 1335 4449; x_wconf 89' lang='lat' dir='ltr'>conscripsit,</span> <span class='ocrx_word' id='word_1_408' title='bbox 1368 4366 1411 4432; x_wconf 95' lang='lat' dir='ltr'>ad</span> <span class='ocrx_word' id='word_1_409' title='bbox 1430 4364 1629 4447; x_wconf 88' lang='lat' dir='ltr'>colligendas</span> <span class='ocrx_word' id='word_1_410' title='bbox 1656 4372 1688 4433; x_wconf 90' lang='lat' dir='ltr'>et</span> <span class='ocrx_word' id='word_1_411' title='bbox 1709 4384 1844 4432; x_wconf 88' lang='lat' dir='ltr'>conser-</span> 
     </span>
     <span class='ocr_line' id='line_1_39' title="bbox 432 4464 1845 4553; baseline 0.001 -23"><span class='ocrx_word' id='word_1_412' title='bbox 432 4464 554 4530; x_wconf 88' lang='lat' dir='ltr'>vandas</span> <span class='ocrx_word' id='word_1_413' title='bbox 584 4465 676 4531; x_wconf 86' lang='lat' dir='ltr'>Pauli</span> <span class='ocrx_word' id='word_1_414' title='bbox 709 4467 751 4532; x_wconf 90' lang='lat' dir='ltr'>de</span> <span class='ocrx_word' id='word_1_415' title='bbox 783 4469 941 4534; x_wconf 89' lang='lat' dir='ltr'>ecclesiae</span> <span class='ocrx_word' id='word_1_416' title='bbox 976 4469 1207 4534; x_wconf 90' lang='lat' dir='ltr'>constitutione</span> <span class='ocrx_word' id='word_1_417' title='bbox 1234 4470 1411 4534; x_wconf 88' lang='lat' dir='ltr'>sententias</span> <span class='ocrx_word' id='word_1_418' title='bbox 1436 4469 1578 4551; x_wconf 92' lang='lat' dir='ltr'>primum</span> <span class='ocrx_word' id='word_1_419' title='bbox 1605 4470 1776 4553; x_wconf 89' lang='lat' dir='ltr'>epistolam</span> <span class='ocrx_word' id='word_1_420' title='bbox 1803 4467 1845 4533; x_wconf 94' lang='lat' dir='ltr'>ad</span> 
     </span>
     <span class='ocr_line' id='line_1_40' title="bbox 431 4567 1846 4655; baseline 0.001 -23"><span class='ocrx_word' id='word_1_421' title='bbox 431 4567 539 4632; x_wconf 91' lang='lat' dir='ltr'>Titum</span> <span class='ocrx_word' id='word_1_422' title='bbox 564 4567 745 4635; x_wconf 90' lang='lat' dir='ltr'>minorihus</span> <span class='ocrx_word' id='word_1_423' title='bbox 770 4573 916 4638; x_wconf 87' lang='lat' dir='ltr'>ecclesiis</span> <span class='ocrx_word' id='word_1_424' title='bbox 940 4572 1080 4655; x_wconf 88' lang='lat' dir='ltr'>simplici</span> <span class='ocrx_word' id='word_1_425' title='bbox 1105 4570 1336 4637; x_wconf 87' lang='lat' dir='ltr'>constitutione</span> <span class='ocrx_word' id='word_1_426' title='bbox 1360 4574 1523 4638; x_wconf 88' lang='lat' dir='ltr'>utentibus</span> <span class='ocrx_word' id='word_1_427' title='bbox 1550 4572 1707 4639; x_wconf 70' lang='lat' dir='ltr'>idoneam,</span> <span class='ocrx_word' id='word_1_428' title='bbox 1724 4571 1846 4648; x_wconf 87' lang='lat' dir='ltr'>ederet,</span> 
     </span>
     <span class='ocr_line' id='line_1_41' title="bbox 432 4669 1843 4759; baseline 0 -22"><span class='ocrx_word' id='word_1_429' title='bbox 432 4669 549 4737; x_wconf 89' lang='lat' dir='ltr'>deinde</span> <span class='ocrx_word' id='word_1_430' title='bbox 576 4675 687 4736; x_wconf 91' lang='lat' dir='ltr'>autem</span> <span class='ocrx_word' id='word_1_431' title='bbox 713 4678 869 4754; x_wconf 89' lang='lat' dir='ltr'>nostram,</span> <span class='ocrx_word' id='word_1_432' title='bbox 896 4691 994 4757; x_wconf 85' lang='lat' dir='ltr'>quam</span> <span class='ocrx_word' id='word_1_433' title='bbox 1021 4673 1063 4742; x_wconf 92' lang='lat' dir='ltr'>ad</span> <span class='ocrx_word' id='word_1_434' title='bbox 1088 4674 1310 4742; x_wconf 87' lang='lat' dir='ltr'>conditionem</span> <span class='ocrx_word' id='word_1_435' title='bbox 1335 4676 1497 4759; x_wconf 84' lang='lat' dir='ltr'>majorum</span> <span class='ocrx_word' id='word_1_436' title='bbox 1523 4677 1746 4751; x_wconf 88' lang='lat' dir='ltr'>ecclesiarum,</span> <span class='ocrx_word' id='word_1_437' title='bbox 1769 4673 1843 4755; x_wconf 93' lang='lat' dir='ltr'>plu-</span> 
     </span>
    </p>
   </div>
   <div class='ocr_carea' id='block_1_9' title="bbox 0 0 2200 5586">
    <p class='ocr_par' dir='ltr' id='par_1_9' title="bbox 0 0 2200 5586">
     <span class='ocr_line' id='line_1_42' title="bbox 0 0 2200 5586; baseline 0 0"><span class='ocrx_word' id='word_1_438' title='bbox 0 0 2200 5586; x_wconf 95' lang='lat' dir='ltr'> </span> 
     </span>
    </p>
   </div>
  </div>
 </body>
</html>
