4350 5586
1197 489 1219 553 8

498 659 586 744 ὅλον
612 660 677 742 τον
702 656 856 755 κόσμον,
892 670 990 734 etiarn
1024 669 1057 732 in
1083 656 1207 765 rinna
1233 667 1301 752 τῆς
1333 650 1466 743 δύσεως
1491 671 1631 736 localem
1657 672 1826 736 notionem
1853 691 1917 755 po-

500 775 621 839 stulare
655 772 801 846 videtum
843 787 921 837 usus
947 790 1028 837 vern
1052 773 1144 836 vocis
1170 761 1218 845 ὠς
1243 778 1278 838 ui
1298 772 1552 854 praepositionis
1578 791 1672 839 rarus
1700 775 1830 857 quidem
1857 775 1915 840 sed

498 886 607 942 tamen
641 891 708 940 non
743 874 906 938 inauditus
942 880 1009 953 est,
1046 875 1088 938 de
1119 893 1184 956 qua
1214 893 1250 939 re
1283 874 1349 940 sid.
1386 874 1496 958 Stepb.
1528 876 1622 940 Tbes.
1653 877 1675 941 ι.
1701 897 1748 959 gr.
1776 878 1916 943 Londini

502 971 599 1046 1826
628 979 687 1042 sub
721 977 777 1040 illa
805 994 905 1054 voce,
937 978 993 1041 ubi
1021 979 1174 1060 exempla
1201 979 1274 1042 talis
1301 996 1377 1042 usus
1404 996 1448 1042 ex
1471 977 1690 1061 Xenophonte
1717 986 1748 1045 et
1774 982 1916 1046 Arriano

499 1084 649 1147 citantur.
700 1084 851 1144 Attamen
877 1081 941 1145 boc
967 1097 1034 1144 non
1060 1085 1231 1164 tantopere
1257 1099 1349 1159 curo,
1374 1080 1432 1144 sed
1456 1080 1490 1144 id
1511 1083 1655 1146 maxime
1672 1100 1776 1164 urgeo
1793 1085 1826 1148 ln
1840 1085 1916 1150 loco

498 1192 613 1250 nostro
631 1201 697 1248 non
720 1189 845 1246 certum
873 1187 1003 1248 exstare
1022 1184 1245 1249 testimonium
1269 1185 1455 1266 apostolum
1479 1185 1664 1266 captivitate
1686 1187 1859 1252 liberatum
1883 1187 1915 1250 in

498 1288 688 1371 Hispaniam
715 1284 898 1367 profectum
925 1303 1016 1363 esse,
1051 1292 1086 1350 ut
1109 1305 1151 1351 ex
1178 1305 1219 1351 eo
1245 1287 1350 1352 altera
1375 1286 1545 1369 captivitas
1570 1289 1757 1354 necessario
1781 1290 1917 1354 conclu-

500 1394 606 1456 datur.
657 1390 766 1454 Verba
801 1389 899 1473 igitur
934 1389 1115 1453 secundum
1142 1408 1251 1454 meam
1271 1377 1498 1455 lectionem
1469 1412 1517 1463 ως
1542 1380 1637 1462 τδτ
1613 1383 1735 1486 τέρμα
1762 1390 1830 1472 τῆς
1855 1376 1917 1464 ‹ld-

381 1525 384 1537 ι
500 1515 590 1567 ceos
615 1478 753 1565 ἑλθων
776 1510 852 1556 eum
878 1493 911 1556 in
938 1493 1073 1556 modum
1098 1494 1313 1575 interpretor,
1339 1497 1375 1557 ut
1396 1491 1557 1570 clemens,
1582 1494 1636 1574 qui
1664 1494 1706 1557 ad
1731 1492 1918 1559 Corinthios

500 1597 676 1662 orientales
700 1595 845 1678 scripsit,
873 1596 977 1672 dicat,
1009 1595 1148 1660 Paulum
1173 1614 1241 1660 non
1268 1596 1375 1660 solum
1397 1613 1590 1678 peragrasse
1613 1598 1825 1674 orientalem,
1860 1598 1919 1661 sed

501 1701 600 1766 etiam
636 1697 905 1763 occidentalem
897 1698 1024 1780 imperii
1051 1703 1177 1781 partem
1201 1696 1345 1779 attigisse
1372 1705 1404 1762 et
1430 1716 1535 1780 paene
1558 1698 1601 1762 ad
1624 1699 1723 1764 linem
1746 1700 1816 1794 eius
1843 1718 1920 1782 per·

500 1804 649 1875 venisse:
679 1819 778 1882 quum
805 1807 915 1866 autem
942 1802 1006 1865 boc
1032 1802 1107 1866 loco
1130 1801 1303 1883 magnifice
1330 1802 1370 1864 de
1395 1801 1488 1865 Pauli
1515 1801 1684 1867 laboribus
1710 1789 1863 1884 loquatur
1888 1809 1920 1866 et

501 1909 533 1972 in
568 1904 686 1970 talibus
723 1905 802 1968 locis
836 1904 940 1984 magis
971 1904 1197 1985 restringenda
1231 1921 1328 1986 quam
1362 1903 1511 1984 augenda
1537 1905 1579 1968 sit
1605 1905 1652 1969 vis
1676 1907 1920 1983 sententiarum,

500 2009 528 2076 si
562 2025 676 2073 verum
711 2009 869 2088 attingere
894 2006 1066 2084 volumus,
1102 1998 1146 2079 τό
1173 1998 1296 2101 τέρμα
1322 2005 1388 2088 τῆς
1411 1992 1545 2079 δύσεως
1568 2024 1635 2071 non
1661 2008 1703 2072 ad
1729 2009 1920 2091 Hispaniam

502 2111 559 2178 scd
586 2109 628 2175 ad
653 2110 792 2174 Romam
817 2108 1024 2175 referendum
1050 2127 1121 2174 esse
1148 2116 1238 2193 puto.
1289 2108 1354 2173 Sed
1380 2127 1487 2192 neque
1509 2128 1552 2174 ex
1578 2110 1655 2186 alio,
1682 2111 1769 2193 quod
1786 2113 1920 2176 alterius

502 2213 696 2298 captivitatis
724 2212 915 2277 defensores
942 2212 1092 2290 afferunt,
1119 2218 1324 2293 argumento,
1351 2231 1395 2277 ex
1419 2221 1569 2294 tempore
1587 2214 1709 2278 scilicet
1731 2203 1922 2286 ιοιιιιιέπὶ

503 2317 577 2390 τῶν
612 2303 827 2404 ἡγουμένων
860 2315 1060 2396 significato,
1095 2317 1233 2381 alteram
1267 2316 1487 2397 captivitatem
1515 2316 1599 2380 ellici
1627 2317 1747 2382 debere
1764 2318 1835 2400 jam
1861 2317 1919 2381 de-

502 2419 703 2486 monstrabo.
755 2418 844 2482 llaec
866 2418 953 2482 enim
979 2419 1080 2483 verba
1100 2420 1235 2483 minime
1259 2417 1301 2482 ad
1328 2419 1416 2482 viros
1442 2420 1527 2495 illos,
1549 2419 1606 2499 nui
1624 2419 1756 2484 Nerone
1785 2421 1920 2485 absente

501 2539 664 2591 summam
689 2521 817 2603 imperii
844 2526 1037 2603 potestatem
1062 2527 1238 2587 tenuerunt
1262 2522 1424 2603 pertinere
1447 2529 1594 2604 possum,
1619 2540 1720 2604 quum
1742 2523 1920 2605 Tigellinus

504 2631 661 2695 certeco
696 2631 864 2706 tempore,
902 2641 968 2705 quo
991 2625 1113 2690 Paulus
1139 2625 1319 2689 secundum
1341 2625 1431 2689 illam
1455 2627 1650 2689 sententiam
1677 2627 1803 2691 Romae
1829 2643 1921 2690 mor-

503 2739 569 2795 tem
594 2726 715 2791 obiisse
741 2728 877 2802 dicitur,
899 2726 1067 2822 Neronem¹
1090 2730 1123 2792 in
1151 2726 1325 2794 Graeciam
1351 2734 1482 2793 secutus
1510 2734 1614 2805 esset,
1640 2736 1673 2793 at
1699 2747 1766 2794 non
1792 2729 1920 2795 Itomae

504 2836 692 2898 versaretur
717 2825 792 2914 (vid.
816 2829 879 2894 Dio
902 2828 992 2896 Cass.
1019 2823 1079 2907 63,
1108 2822 1178 2919 12),
1204 2831 1262 2897 sed
1288 2830 1441 2897 habenda
1463 2837 1538 2896 sunt
1564 2848 1625 2914 pro
1652 2832 1922 2914 interpretatione

504 2937 625 3002 latinae
655 2935 746 2997 vocis
774 2931 937 3016 principes
962 2933 1112 3010 civitatis,
1134 2935 1189 3017 qui
1211 2935 1350 2999 consilio
1377 2933 1526 2999 Caesaris
1549 2935 1583 2997 in
1607 2934 1715 2999 litibus
1737 2934 1921 3017 diiudican-

506 3041 555 3103 dis
587 3038 777 3103 intererant.
819 3030 871 3122 (ci.
903 3035 991 3103 Suet.
1025 3036 1133 3101 Tiber.
1160 3029 1221 3114 55,
1253 3036 1342 3102 Nero
1379 3031 1443 3111 l5;
1473 3037 1575 3101 Tacit.
1599 3039 1717 3105 Annal.
1741 3037 1824 3116 xlv,
1851 3030 1923 3126 62.)

506 3142 582 3222 Quo
609 3140 710 3203 modo
736 3141 764 3203 si
790 3140 892 3204 verba
915 3139 1142 3221 explicaveris,
1168 3156 1284 3205 omnes
1311 3138 1529 3216 difficultates,
1555 3157 1639 3222 quaa
1666 3159 1708 3205 ex
1734 3142 1924 3205 nominibus

505 3243 581 3316 τῶν
606 3231 819 3330 ἡγουμένων
844 3248 980 3307 exortae
1007 3248 1040 3308 et
1060 3260 1178 3308 revera
1204 3241 1407 3308 exoriundae
1432 3248 1535 3320 erant,
1561 3244 1658 3324 plane
1683 3251 1813 3310 amotae
1839 3249 1925 3321 sunt,

507 3348 584 3429 quia
608 3346 771 3428 principes
797 3345 844 3409 illi
867 3346 1006 3409 civitatis
1027 3345 1106 3410 satis
1132 3345 1202 3411 noti
1229 3345 1370 3422 fuerunt,
1394 3351 1430 3411 ut
1455 3347 1639 3431 accuratius
1665 3347 1840 3413 definiendi
1857 3363 1924 3411 non

507 3454 623 3516 essent.
682 3449 753 3514 Hoc
785 3448 882 3529 igitur
913 3448 1155 3513 demonstrasse
1184 3449 1263 3513 mibi
1297 3447 1434 3523 videor,
1467 3467 1510 3514 ax
1545 3450 1620 3515 loco
1653 3451 1711 3515 illo
1738 3449 1925 3524 Clementis,

507 3553 683 3637 epistolae,
721 3551 777 3634 qui
811 3552 839 3615 si
864 3552 1045 3616 luculenter
1069 3551 1205 3616 alteram
1230 3551 1322 3616 Pauli
1346 3553 1566 3635 captivitatem
1592 3558 1784 3631 testaretur,
1818 3558 1850 3617 et
1872 3568 1926 3615 me

506 3663 543 3722 ut
567 3674 639 3721 eam
666 3671 879 3735 agnoscerem
901 3661 1044 3737 cogeret,
1069 3655 1205 3719 alteram
1228 3654 1319 3719 illam
1344 3655 1563 3737 captivitatem
1588 3674 1656 3721 non
1680 3657 1783 3739 sequi.
1825 3655 1927 3719 Prae·

506 3759 663 3825 termissis
688 3759 770 3834 aliis,
805 3758 859 3839 qui
888 3757 1034 3822 secundo
1062 3758 1136 3822 loco
1161 3761 1259 3823 testes
1285 3758 1372 3822 illius
1399 3759 1448 3821 rei
1469 3761 1669 3835 excitantur,
1703 3766 1739 3823 ut
1768 3738 1928 3838 Dionysio

508 3862 751 3930 Corinthiorum
779 3862 936 3944 episcopo
963 3856 1092 3948 (Euscb.
1110 3861 1149 3926 ιι.
1168 3860 1207 3926 Ε.
1230 3860 1268 3938 ιι,
1296 3851 1367 3948 25),
1393 3861 1435 3925 ad
1460 3860 1639 3926 secundum
1660 3867 1927 3944 argumentorum

507 3977 609 4049 genus
634 3969 779 4029 transeo.

623 4058 656 4132 2.
708 4067 768 4131 Hic
803 4065 968 4130 maximus
999 4067 1088 4130 testis
1122 4071 1171 4130 est
1203 4064 1380 4142 Eusebius,
1420 4068 1474 4149 qui
1509 4066 1547 4132 Η.
1572 4066 1610 4132 Ε.
1635 4067 1675 4143 ll,
1702 4057 1749 4131 22
1777 4066 1929 4140 alllrmat,

509 4170 726 4254 posteriorem
755 4168 797 4235 ad
832 4168 1039 4234 Timotheum
1077 4169 1251 4250 epistolam
1279 4187 1347 4233 non
1373 4170 1407 4233 in
1434 4170 1510 4247 illa,
1549 4188 1649 4250 quam
1675 4168 1778 4234 Lucas
1804 4170 1837 4233 in
1863 4169 1929 4233 flne

508 4281 664 4340 Actorum
692 4276 842 4348 enarrat,
869 4272 1055 4354 captivitate
1077 4271 1231 4352 scriptam
1254 4289 1344 4349 esse,
1371 4269 1428 4336 sc'd
1454 4273 1486 4336 in
1508 4273 1630 4351 altera,
1660 4273 1693 4336 in
1720 4290 1817 4353 quam
1842 4271 1930 4336 Pau·

508 4379 560 4443 lus
585 4381 759 4458 postquam
785 4391 898 4441 rursus
926 4375 1097 4455 elangelio
1124 4375 1346 4457 praedicando
1372 4392 1508 4458 operam
1535 4374 1634 4453 dedit,
1659 4375 1771 4440 incidit
1799 4380 1830 4439 et
1851 4391 1930 4456 sup-

510 4479 609 4563 plicio
636 4479 770 4544 allectus
796 4477 918 4552 linivit:
944 4495 1044 4560 quam
1070 4478 1265 4543 sententiam
1291 4479 1400 4543 verbis
1427 4479 1466 4544 ll.
1490 4479 1573 4543 Tim.
1598 4479 1651 4554 lv,
1675 4472 1720 4544 17
1745 4469 1813 4551 nni
1829 4498 1931 4572 ερρυ-

511 4573 662 4663 σθιιν’
645 4606 688 4654 εκ
724 4568 910 4669 στόματος
943 4572 1094 4654 λέοντος
1120 4582 1263 4664 probare
1288 4598 1386 4664 posse
1412 4582 1474 4646 sibi
1497 4583 1584 4646 visus
1608 4586 1667 4646 est.
1719 4582 1755 4645 ln
1771 4598 1843 4661 pua
1862 4578 1931 4643 Eu-

510 4686 593 4752 sebii
621 4687 781 4752 relatione
799 4686 949 4766 primum
976 4684 1161 4750 notandum
1178 4690 1243 4761 est,
1270 4685 1360 4750 illum
1388 4702 1455 4751 non
1478 4685 1674 4768 produxisse
1702 4689 1809 4760 testes,
1844 4681 1932 4762 apud
