4350 5586
1067 546 1108 610 ts

374 712 497 790 'Plures
533 725 613 788 ritus
640 723 788 788 diversos
825 724 858 787 in
892 723 1013 788 nostris
1042 723 1188 803 epistotis
1223 725 1476 790 commemorari
1513 744 1612 791 nemo
1638 732 1797 808 quantum

383 828 453 893 seio
476 826 651 906 contendit,
677 834 806 908 praeter
829 825 919 908 quod
944 825 984 888 de
1007 826 1159 904 symbolo
1182 832 1214 890 et
1235 827 1443 893 confessione
1469 831 1568 909 panto
1585 829 1713 895 diversa
1729 836 1797 895 tra—

382 930 462 995 dere
489 931 650 995 dicuntur.
690 928 786 994 'Nam
810 927 1092 994 Schleiermacher
1118 932 1151 992 ct
1171 928 1259 995 Baur
1286 931 1365 995 iocis
1389 932 1413 995 1.
1434 928 1516 995 Tim.
1541 932 1593 1008 nt,
1623 926 1669 998 16
1696 939 1727 996 ct
1744 934 1796 1009 vt,

385 1022 430 1096 12
457 1034 593 1113 vestigia
620 1032 837 1113 confessionis
862 1032 1047 1126 accuratius
1068 1031 1138 1113 jam
1162 1031 1315 1097 definitae
1345 1040 1377 1096 ct
1408 1036 1600 1099 constitutae
1634 1037 1796 1116 reperisse

380 1134 442 1198 sihi
473 1136 642 1211 videntum
684 1152 768 1200 aevo
802 1134 985 1215 apostolico
1018 1133 1105 1197 nude
1131 1135 1164 1198 in
1189 1133 1300 1199 desum
1328 1133 1493 1200 Christum
1519 1153 1555 1200 se
1580 1137 1714 1203 credere
1735 1139 1796 1203 ha·

381 1237 550 1318 ptizandos
578 1238 747 1303 confessos
772 1254 863 1314 esse,
897 1237 949 1301 hic
975 1240 1085 1300 autem
1103 1236 1174 1317 iarn
1200 1238 1295 1318 ptura
1321 1236 1361 1301 de
1385 1237 1503 1304 Christi
1530 1239 1596 1304 sita
1621 1245 1655 1304 et
1679 1245 1796 1306 notura

380 1339 468 1415 addi,
494 1358 579 1421 quae
605 1342 638 1405 in
662 1341 768 1422 majus
794 1347 889 1404 aucta
913 1337 1109 1420 symbolum,
1132 1340 1220 1420 quod
1240 1340 1368 1405 dicatur
1389 1342 1609 1422 apostolicum
1626 1343 1796 1417 exhibeam

380 1442 499 1507 eodem
523 1442 625 1507 modo
649 1442 690 1506 de
717 1442 788 1507 Deo
811 1444 913 1507 muita
939 1441 1081 1522 exponi,
1116 1443 1188 1522 quis
1214 1447 1246 1506 et
1269 1444 1374 1525 quatis
1398 1443 1562 1525 putandus
1588 1445 1638 1510 sit.
1699 1444 1797 1524 Quod

380 1545 422 1610 de
453 1545 530 1609 desu
561 1545 680 1611 Christi
706 1546 847 1610 mirabili
873 1551 990 1609 natura
1010 1546 1193 1609 accuratius
1220 1545 1389 1627 fusiusque
1421 1545 1590 1611 disseritur
1615 1548 1650 1611 in
1684 1554 1797 1614 nostra

380 1648 539 1729 epistota,
562 1667 621 1730 per
650 1667 686 1712 se
712 1649 843 1730 quidem
870 1648 951 1711 nihii
973 1648 1072 1712 hahet
1097 1647 1302 1723 offendiculi,
1333 1667 1433 1730 quum
1454 1649 1554 1714 etiam
1578 1647 1699 1714 Pantus
1725 1652 1796 1732 ipse

380 1752 415 1814 in
440 1768 491 1832 ep.
519 1750 561 1814 ad
582 1751 685 1832 Phitp.
708 1752 746 1828 ΙΙ,
767 1746 876 1832 5sqq.
899 1750 941 1813 de
968 1751 1087 1815 haere
1113 1752 1211 1814 ctiam
1238 1753 1333 1832 ptura
1355 1752 1456 1816 verba
1482 1751 1607 1816 iecerit.
1658 1751 1723 1816 Sed
1750 1755 1794 1818 ihi
1820 1738 1821 1741 ¹

380 1853 451 1918 sine
476 1853 577 1917 duhio
603 1871 670 1919 non
705 1854 767 1917 nisi
792 1853 1048 1935 comparationis
1074 1870 1175 1918 causa
1201 1854 1405 1935 praeclarum
1428 1855 1507 1919 Jesu
1534 1855 1722 1935 exemptum
1743 1857 1796 1920 tu·

380 1956 446 2020 sius
482 1957 635 2038 exposuit
670 1957 807 2032 Pontus,
835 1959 870 2021 in
901 1961 1015 2020 nostra
1049 1956 1189 2037 epistota
1220 1972 1301 2021 vero
1333 1957 1390 2021 illa
1421 1959 1585 2039 expositio
1613 1957 1653 2020 de
1677 1955 1796 2024 Christi

380 2075 523 2141 persona
549 2064 580 2123 et
604 2065 721 2124 natura
743 2061 836 2141 quasi
863 2063 898 2122 ut
923 2058 998 2121 tidei
1021 2060 1135 2139 regula
1161 2063 1193 2122 ct
1219 2076 1336 2125 norma
1365 2060 1482 2140 agendi
1505 2060 1538 2124 in
1563 2059 1796 2141 ecetesiapro·

381 2163 523 2244 ponitur,
547 2168 578 2226 et
603 2162 666 2226 hac
690 2163 731 2227 dc
757 2179 857 2227 eausa
880 2162 1023 2244 speciem
1048 2167 1137 2225 certe
1163 2179 1241 2243 prae
1265 2179 1301 2227 se
1323 2163 1395 2239 tert,
1423 2163 1515 2243 quasi
1542 2162 1617 2226 vetit
1641 2161 1739 2226 tidem
1760 2165 1795 2228 in

380 2262 544 2329 Christum
579 2267 762 2331 accuratius
792 2283 889 2346 quam
918 2269 1015 2328 antea
1042 2264 1177 2329 definire
1202 2268 1235 2327 et
1260 2282 1390 2330 errores
1415 2264 1448 2328 in
1474 2267 1536 2329 hac
1570 2283 1606 2328 re
1640 2264 1793 2343 refutare,

380 2367 436 2449 qui
462 2368 601 2432 fortasse
626 2370 659 2433 in
685 2369 824 2433 ecclesia
847 2366 1060 2443 enituerint,
1089 2368 1233 2431 maxime
1259 2370 1286 2431 si
1312 2367 1584 2449 simplicissimam
1610 2368 1794 2432 contessio-

379 2459 478 2547 nem,
510 2488 608 2551 quam
635 2472 803 2553 apostotus
831 2469 1000 2552 Phiiippus
1022 2473 1091 2534 Act
1118 2469 1199 2534 vill.
1226 2471 1337 2551 exigit,
1362 2487 1437 2535 cum
1464 2470 1527 2535 hac
1552 2487 1793 2550 comparamus.

380 2577 427 2638 Ac
451 2574 479 2637 si
506 2574 710 2656 conjecturas
737 2591 926 2656 proponere
952 2573 1045 2651 ticet,
1079 2573 1159 2635 mihi
1186 2573 1273 2637 haud
1304 2590 1437 2655 prorsus
1463 2591 1483 2637 a
1510 2574 1655 2638 veritate
1671 2574 1794 2639 ahhor-

381 2692 454 2740 rcre
490 2676 635 2755 videtur,
674 2679 866 2759 scriptorem
899 2677 923 2739 Ι.
945 2675 1029 2740 Tim.
1055 2675 1198 2739 votuisse
1224 2677 1286 2739 hac
1313 2676 1525 2767 expositione¹
1552 2693 1665 2739 veram
1696 2676 1794 2741 tidem

381 2777 591 2843 christianam
617 2779 794 2845 defendere
820 2781 862 2845 ah
884 2779 1051 2843 erroribus
1079 2776 1320 2857 Gnosticorum,
1345 2794 1486 2860 quorum
1510 2779 1670 2861 principia
1695 2781 1794 2844 semi-

381 2899 490 2962 naque
516 2887 592 2946 tuno
615 2889 705 2947 certe
724 2884 794 2965 Jam
817 2882 992 2946 adfuerunt
1018 2881 1162 2945 maxime
1177 2880 1308 2963 Ephesi,
1336 2882 1416 2946 urhe
1433 2888 1500 2945 tum
1521 2882 1658 2946 florente
1676 2882 1795 2947 divitiis

380 2988 413 3048 et
438 2983 605 3048 literarum
629 2987 745 3051 studiis
765 2986 945 3065 notitiaque
966 2984 1268 3067 phitoaephicarum
1284 2985 1488 3066 opinionum,
1515 3001 1558 3048 ex
1572 2986 1688 3065 quihus
1701 2982 1794 3050 Cno-

379 3087 537 3151 sticorum
562 3094 737 3168 systemata
761 3092 876 3170 postea
894 3093 1081 3152 constructa
1099 3093 1184 3150 sunt.
1234 3088 1316 3153 Nam
1338 3105 1438 3170 quum
1454 3087 1605 3162 affirmat,
1629 3087 1795 3152 desumet

377 3189 411 3253 in
438 3192 524 3253 terra
552 3197 585 3254 ct
610 3193 644 3255 in
670 3194 775 3264 coeto,
799 3195 832 3256 et
855 3209 876 3255 a
903 3190 985 3268 Deo,
1008 3191 1051 3254 ah
1075 3189 1209 3268 augetis.
1235 3196 1268 3255 et
1293 3193 1335 3255 ah
1358 3190 1547 3257 hominihus
1569 3192 1736 3271 cognitum
1762 3196 1795 3255 et

379 3292 578 3358 celebratum
605 3311 695 3371 esse,
729 3300 818 3359 recte
840 3294 994 3376 gnosticis
1021 3293 1205 3370 erroribus,
1245 3295 1300 3376 qui
1326 3293 1438 3360 desum
1464 3297 1590 3357 tantum
1617 3293 1792 3358 coelestem

378 3411 555 3475 agnoscere
589 3399 709 3462 velient
741 3415 881 3478 eumque
917 3413 994 3460 vere
1027 3397 1061 3459 in
1092 3401 1179 3459 terra
1205 3401 1240 3459 ut
1266 3395 1326 3459 Dei
1352 3397 1454 3462 titium
1480 3395 1626 3460 humano
1652 3413 1793 3478 corpore

377 3496 526 3562 indutum
552 3507 718 3565 versatum
744 3517 816 3564 esse
841 3503 1009 3580 negarent,
1035 3499 1205 3562 veritatem
1229 3500 1418 3565 historicam
1438 3500 1602 3579 opposuit,
1628 3505 1660 3564 et
1683 3500 1793 3565 statim

378 3600 419 3664 ah
446 3601 538 3666 initio
565 3604 635 3667 ittas
654 3604 827 3684 opiniones
853 3618 1009 3667 erroneas
1037 3603 1224 3682 opprimere
1249 3603 1388 3679 studuit,
1415 3618 1499 3685 quae
1520 3608 1635 3683 postea
1658 3606 1706 3666 tot
1725 3602 1792 3666 dis-

379 3702 509 3768 cordias
545 3707 578 3769 in
611 3707 751 3770 ecclesia
780 3710 965 3769 moverunt.
1027 3704 1096 3768 Hac
1129 3721 1208 3768 vero
1230 3707 1409 3783 sententia,
1442 3705 1635 3786 scriptorem
1659 3705 1684 3775 Ι.
1709 3700 1790 3769 Tim.

377 3810 492 3870 contra
524 3807 697 3873 Gnostioos
732 3825 913 3890 pugnasse,
947 3822 1014 3870 non
1049 3807 1232 3882 contendo,
1267 3810 1323 3873 itta
1356 3810 1439 3872 mira
1462 3813 1637 3888 systemata
1658 3808 1791 3873 serioris

376 3912 534 3991 temporis
552 3913 712 3992 jamtum
739 3912 839 3976 tuisse
864 3912 961 3992 piane
987 3910 1118 3974 exculta
1133 3910 1391 3991 compositaque,
1418 3912 1476 3975 sed
1497 3910 1561 3974 hoe
1576 3916 1686 3974 tamen
1705 3909 1791 3987 dico,

377 4010 578 4079 incrementa
604 4024 636 4080 et
657 4016 784 4080 semina
809 4030 927 4077 corum
952 4018 1021 4075 tum
1044 4011 1187 4093 adfuisse
1212 4016 1244 4075 ct
1269 4015 1408 4080 sortasse
1433 4016 1617 4094 aliquorum
1641 4013 1792 4078 christia·

376 4129 494 4178 norum
521 4117 617 4181 tidem
640 4119 831 4201 perturbare
856 4117 1014 4197 coepisse,
1039 4115 1128 4196 quod
1155 4115 1216 4178 nisi
1243 4117 1463 4191 concedimus,
1488 4114 1713 4181 difficillimum
1729 4118 1792 4181 erit

377 4216 557 4297 explicatu,
590 4223 677 4286 unde
712 4221 844 4285 tandem
878 4225 1072 4299 systemata,
1108 4235 1193 4299 quae
1227 4219 1336 4284 medio
1368 4217 1513 4285 secundo
1537 4220 1668 4283 saecuta
1693 4219 1790 4300 plane

375 4320 505 4383 exculta
528 4328 614 4397 sunt,
636 4331 704 4389 tam
724 4325 833 4388 subito
857 4322 1040 4386 exstiterint
1062 4325 1094 4384 et
1120 4323 1249 4402 vulgata
1270 4323 1344 4388 sint.
1395 4321 1499 4387 Simiti
1523 4320 1623 4386 modo
1650 4323 1790 4404 scripto-

375 4437 447 4484 rem
471 4423 674 4490 insecundo
700 4428 775 4492 loeo
800 4427 852 4501 Vl,
881 4415 926 4489 12
945 4442 1015 4505 sqq.
1041 4424 1223 4488 doctrinam
1249 4422 1289 4488 de
1315 4424 1387 4488 Deo
1411 4425 1595 4490 accuratius
1622 4441 1791 4506 exponere

374 4524 502 4588 videtur
527 4530 559 4589 et
584 4526 637 4591 hic
661 4531 804 4593 maxime
829 4545 975 4610 pugnare
998 4532 1113 4591 contra
1133 4525 1306 4609 opiniones
1324 4526 1593 4606 Christianorum,
1618 4529 1673 4608 qui
1690 4542 1787 4608 quum

376 4627 495 4691 ethnici
522 4632 618 4693 antea
643 4628 794 4705 inerunt,
826 4648 893 4694 non
919 4630 998 4695 satis
1023 4630 1226 4711 spirituatem
1252 4629 1358 4695 Deum
1381 4631 1576 4712 cogitarunt,
1594 4630 1660 4694 'sed
1680 4628 1788 4692 ideam

374 4729 436 4793 Dei
462 4731 671 4796 christianam
698 4730 865 4797 erroribus
891 4732 1040 4812 ethnicis,
1063 4733 1180 4815 quihus
1198 4735 1319 4799 assueti
1335 4740 1438 4813 erant,
1463 4733 1740 4800 commiscuerunt
1756 4737 1788 4793 et

375 4833 663 4899 commacularunt.

1498 4961 1517 5020 7
