4350 5586
1098 487 1139 550 20

408 672 545 740 Paulum
570 668 718 735 Miletum
745 669 859 749 attigit
917 666 1068 750 Denique
1091 666 1213 733 Paulus
1236 669 1344 734 dicore
1369 687 1436 733 non
1461 671 1581 752 potuit,
1618 672 1827 737 Timotheum

408 775 543 843 satutari
569 789 589 837 a
612 773 787 851 Romanis,
819 767 881 856 (IV,
908 761 967 857 21)
990 787 1072 851 quos
1098 770 1218 835 Paulus
1245 773 1414 852 usquead
1444 772 1476 837 id
1504 778 1630 856 tempus
1657 792 1825 857 nunquam

409 879 488 944 vidit
514 882 546 942 et
566 877 667 955 novit,
694 893 754 940 nec
779 874 825 938 ita
845 873 948 938 tracto
975 877 1007 937 et
1034 872 1176 939 demisso
1199 875 1310 940 animo
1334 893 1405 940 esse
1426 875 1548 953 debuit,
1572 877 1676 959 qualis
1702 879 1735 941 in
1762 897 1826 943 no·
1855 894 1857 902 ⁸

407 988 475 1049 stra
500 978 639 1062 epistola
664 977 765 1042 fnisse
788 975 933 1055 videtur,
959 975 1024 1040 'ubi
1059 975 1137 1041 satis
1171 976 1298 1043 liberali
1322 977 1470 1044 custodia
1496 981 1649 1045 utebatur
1671 998 1732 1044 nec
1758 982 1825 1047 ulla

407 1084 530 1150 indicia
554 1085 696 1146 mortem
726 1082 902 1144 instantem
929 1079 959 1142 ei
986 1079 1205 1144 minabantur.
1267 1081 1338 1146 Alia
1365 1098 1450 1162 quae
1473 1079 1639 1148 Eichhoru
1665 1083 1706 1146 ad
1732 1083 1824 1148 Pauli

408 1193 439 1252 ct
465 1183 630 1251 Timothei
656 1184 847 1249 sociotatem
873 1181 962 1246 haud
988 1186 1065 1264 apta
1090 1182 1260 1248 innostra
1286 1183 1424 1267 epistota
1459 1185 1619 1266 reperisse
1645 1186 1705 1249 sibi
1737 1188 1826 1252 visus

407 1289 524 1367 estin
551 1284 696 1352 secunda
721 1286 836 1368 capitis
862 1289 955 1368 parts
981 1301 1156 1367 exponam.
1224 1282 1345 1351 Omnia
1368 1292 1577 1369 argumenta,
1602 1305 1687 1369 quae
1710 1293 1824 1356 contra

407 1392 580 1474 epistolam
606 1395 767 1471 pugnent,
804 1389 952 1453 amoveri
974 1387 1068 1466 dicit,
1090 1389 1119 1451 si
1140 1389 1174 1451 in
1198 1389 1343 1455 secunda
1369 1391 1554 1472 captivitate
1579 1407 1717 1456 romana
1742 1392 1826 1456 scri-

407 1499 464 1578 pta
489 1510 560 1559 esse
587 1495 726 1574 putetur,
753 1507 852 1572 quam
873 1496 982 1556 tamen
1011 1496 1044 1556 et
1067 1491 1123 1554 ille
1149 1490 1266 1573 rejicit.

521 1585 554 1660 2.
612 1593 662 1658 De
686 1595 795 1658 Wette
820 1595 863 1658 ab
890 1593 1005 1658 cadem
1032 1610 1097 1673 qua
1118 1591 1284 1659 Eichhorn
1311 1594 1477 1676 proiectus
1503 1598 1678 1672 sententia,
1701 1598 1824 1677 episto·
1851 1567 1855 1572 ’
1982 1606 1987 1616 ’

406 1698 492 1776 lam,
516 1699 544 1761 si
570 1698 676 1778 prima
702 1697 887 1779 captivitate
913 1712 1052 1760 romana
1073 1695 1192 1779 scripta
1221 1698 1272 1776 sit,
1300 1701 1373 1762 ante
1401 1697 1555 1779 epistolas
1578 1697 1619 1763 ad
1647 1696 1825 1764 Colossen-

407 1817 469 1878 ses,
495 1799 719 1881 Philippenses
736 1804 768 1863 et
783 1798 1009 1864 Philemonem
1029 1798 1235 1863 scribendam
1262 1800 1363 1864 luisse
1389 1800 1564 1879 contendit,
1590 1805 1825 1882 contraquam

407 1908 517 1967 tamen
542 1907 686 1984 pugnent
712 1906 744 1965 ct
770 1900 859 1984 quod
886 1901 1044 1982 Tychicus
1079 1906 1110 1965 et
1136 1901 1256 1966 Demus
1290 1901 1441 1967 dimissus
1467 1904 1508 1967 sit
1532 1907 1565 1967 et
1588 1904 1676 1986 quod
1702 1903 1824 1968 Paulus

407 2011 539 2089 peracta
566 2022 669 2087 prope
692 2021 792 2069 eausa
815 2009 956 2068 mortem
980 2004 1133 2085 proxime
1161 2004 1334 2069 instantem
1368 2006 1430 2069 sibi
1463 2006 1581 2071 videat.
1639 2005 1732 2085 Quae
1762 2008 1822 2070 etsi

407 2108 612 2172 difficultates
640 2106 784 2189 quodam
809 2107 910 2172 modo
937 2107 1084 2172 amoveri
1114 2109 1249 2188 possint,
1284 2107 1376 2173 nullo
1397 2107 1498 2172 modo
1521 2108 1562 2172 de
1589 2108 1767 2192 Trophimo
1790 2117 1822 2173 et

404 2211 523 2276 Erasto
550 2211 774 2276 narrationem
799 2228 875 2275 cum
901 2227 980 2275 vera
1006 2210 1142 2274 historia
1168 2211 1337 2275 conciliari
1361 2227 1469 2292 posse,
1494 2228 1594 2293 quum
1614 2211 1821 2294 Trophimus‚

406 2314 532 2380 etiamsi
566 2312 627 2377 iter
661 2318 774 2378 nostra
804 2305 945 2395 epistola
968 2318 1185 2376 memoratum
1212 2331 1273 2396 pro
1302 2313 1420 2378 eodem
1447 2315 1535 2394 quod
1561 2314 1717 2396 Philippis
1744 2315 1823 2378 llie-

332 2421 337 2428 ‘
405 2418 574 2498 rosolyma
600 2415 676 2480 lecit
700 2417 886 2498 apostolus,
913 2416 1084 2491 habueris,
1120 2414 1223 2480 Mileti
1246 2419 1398 2497 aegrotus
1426 2418 1558 2481 nonsit
1583 2416 1733 2490 relictus,
1763 2417 1820 2481 sed

405 2537 480 2585 oum
503 2518 608 2582 Paulo
634 2518 669 2581 in
690 2519 813 2601 templo
834 2519 1128 2599 hierosolymitano
1155 2517 1295 2582 adiuerit
1324 2513 1403 2605 (Act.
1428 2515 1518 2595 XXI,
1547 2511 1626 2605 29);
1668 2518 1820 2584 Erastum

404 2627 514 2689 autem
540 2618 688 2686 Corinthi
713 2622 872 2687 mansisse
899 2625 972 2702 post
994 2626 1059 2686 tres
1084 2619 1216 2685 demum
1243 2639 1347 2686 annos
1373 2621 1547 2686 Timotheo
1570 2623 1698 2686 narrari
1726 2623 1822 2687 valde
1891 2661 1894 2671 ·

404 2727 552 2808 ineptum
578 2721 691 2788 videri.
743 2723 850 2788 Etiam
876 2724 1015 2788 salutem
1041 2724 1179 2804 Aquilae
1207 2730 1239 2787 et
1253 2722 1430 2801 Priscillae,
1451 2725 1506 2804 qui
1528 2723 1706 2789 secundum
1726 2725 1822 2790 Rom.

402 2827 486 2905 xvi,
513 2818 535 2891 3
563 2826 689 2891 Romae
710 2825 840 2905 luerint,
866 2827 1001 2891 missam
1023 2831 1055 2889 et
1080 2826 1259 2892 Aristarchi
1285 2827 1317 2890 in
1344 2827 1419 2890 loco
1444 2826 1497 2905 lv,
1526 2819 1573 2891 10
1599 2828 1823 2907 omissionem,

327 2940 338 2962 ⁸
405 2932 461 3015 qui
488 2934 599 2994 tamen
621 2929 759 2994 Paulum
781 2930 921 2995 Romam
944 2929 1116 2995 comitatus
1139 2930 1181 2993 sit
1207 2924 1285 3017 (Act.
1312 2927 1438 3007 XXVll,
1464 2921 1510 3016 2),
1541 2927 1735 2995 dubitationi
1760 2949 1821 2996 an-

320 3071 322 3075 >
405 3051 475 3099 sam
502 3033 672 3115 praebere.
725 3031 937 3110 Sententiam,
961 3032 1134 3115 epistolam
1159 3033 1193 3095 in
1216 3031 1359 3096 secunda
1383 3032 1568 3114 captivitate
1584 3050 1722 3098 romana
1739 3034 1823 3098 scri·

404 3141 493 3220 ptam
520 3152 602 3212 esse,
626 3133 715 3200 haud
742 3154 814 3202 esse
839 3135 1072 3212 verisimilem,
1106 3132 1340 3216 partim-quod
1367 3134 1456 3199 nulla
1475 3136 1600 3217 primae
1627 3136 1822 3217 captivitatis

403 3239 460 3304 liat
492 3239 633 3315 mentio,
668 3240 788 3320 partim
814 3237 903 3320 quod
927 3239 1029 3304 multa
1055 3236 1171 3302 eodem
1197 3237 1297 3301 modo
1325 3239 1358 3300 in
1384 3238 1487 3302 altera
1513 3239 1697 3320 captivitate
1723 3242 1823 3321 atque

402 3343 436 3406 in
459 3341 566 3423 prima
591 3340 695 3405 Paulo
723 3342 896 3422 contigisse
922 3340 1093 3406 debuerint
1116 3335 1165 3426 (u,
1188 3334 1212 3406 9
1238 3341 1312 3404 coll.
1337 3344 1407 3403 Act.
1431 3339 1575 3419 xxvul,
1599 3331 1669 3428 31).

516 3434 550 3509 3.
602 3441 716 3508 Schott
741 3444 849 3508 multis
877 3444 1087 3526 argumentis,
1114 3460 1198 3523 quac
1224 3461 1284 3526 pro
1305 3446 1443 3524 utraque
1460 3444 1646 3526 captivitate
1668 3447 1824 3526 pugnent,

403 3544 618 3622 enumeratis,
646 3563 685 3610 ca
707 3547 825 3624 refert,
849 3564 935 3628 quae
959 3548 1084 3629 primae
1110 3546 1289 3629 captivitati
1314 3545 1452 3611 obstent.
1503 3545 1568 3611 lter
1595 3564 1660 3627 quo
1686 3545 1825 3610 Erastus

403 3645 551 3714 Corinthi
582 3651 756 3727 manserit,
795 3650 899 3727 multo
925 3651 1032 3732 aptius
1058 3650 1142 3713 inter
1168 3650 1308 3731 primam
1332 3653 1365 3712 et
1386 3648 1564 3714 secundam
1590 3648 1822 3730 captivitatem,

403 3767 502 3832 quam
527 3755 687 3833 tempore,
713 3771 779 3835 quo
802 3754 971 3835 apostolus
997 3752 1226 3833 Hierosolyma
1252 3750 1417 3835 proiectus
1443 3752 1493 3831 sit,
1519 3751 1639 3816 tactum
1662 3768 1733 3815 esse
1757 3768 1822 3833 pu·-

401 3853 475 3917 tari.
527 3855 647 3919 Paulus
672 3854 755 3923 Phil.
779 3854 819 3933 ll,
845 3846 913 3934 23,
945 3857 1136 3938 priusquam
1162 3855 1204 3920 de
1231 3854 1296 3919 fine
1323 3871 1441 3921 causae
1465 3871 1546 3920 suae
1569 3853 1689 3918 certior
1715 3852 1819 3918 lactus

299 4012 300 4016 ,
402 3959 504 4033 essct,
529 3957 736 4022 Timotheum
762 3958 922 4023 dimittere
948 3960 1071 4036 noluit,
1105 3976 1167 4022 nec
1193 3963 1302 4022 tamen
1329 3959 1363 4021 in
1384 3961 1497 4023 nostra
1524 3956 1660 4041 epistola
1687 3955 1728 4020 dc
1754 3957 1819 4021 hoc

358 4130 364 4137 ,
402 4059 524 4122 certior
544 4059 648 4125 iactus
668 4065 736 4135 est3
761 4062 789 4125 si
812 4061 911 4142 igitur
931 4062 964 4125 in
986 4078 1053 4127 una
1078 4059 1258 4142 eademque
1281 4060 1467 4143 captivitate
1494 4061 1634 4143 scriptae
1660 4059 1819 4142 epistolae
1901 4074 1903 4082 ⁸

402 4164 529 4235 essent,
552 4163 703 4228 nonsibi
729 4168 967 4228 consentaneus
994 4164 1107 4228 luisset
1132 4162 1271 4241 Paulus,
1297 4162 1387 4245 quod
1412 4180 1512 4244 quum
1534 4164 1658 4226 nullam
1684 4179 1820 4245 prorsus

402 4263 518 4328 mutati
544 4266 670 4331 consilii
696 4284 829 4332 causam
856 4265 1035 4343 videamus,
1069 4269 1186 4347 putare
1207 4283 1275 4330 non
1301 4266 1467 4330 debemus.
1520 4263 1678 4329 Crescens
1705 4270 1738 4328 et
1762 4263 1821 4327 Ti·

401 4372 452 4432 tus
484 4383 545 4430 nec
581 4369 615 4432 in
650 4369 722 4434 aliis
748 4370 874 4435 Romae
900 4369 1043 4434 exaratis
1066 4368 1211 4450 epistolis
1236 4385 1297 4432 nec
1323 4369 1355 4431 in
1382 4371 1450 4432 Act.
1476 4366 1567 4431 Pauli
1596 4367 1730 4432 comites
1756 4383 1818 4429 no·

400 4468 576 4546 minantur,
604 4476 746 4536 attamen
770 4472 804 4536 in
830 4477 943 4537 nostra
968 4472 1129 4554 epistola;
1160 4471 1366 4536 Aristarchus
1392 4473 1500 4533 autem
1524 4476 1620 4535 notus
1641 4470 1735 4536 Pauli
1760 4487 1818 4533 co·

401 4589 471 4638 mes
499 4566 578 4658 (Act.
599 4573 734 4653 xxvll,
758 4566 791 4661 2)
819 4575 966 4640 hicnon
995 4576 1199 4650 nominatur,
1232 4572 1353 4637 Demas
1381 4570 1541 4653 dentque,
1573 4574 1665 4656 cujus
1690 4576 1823 4636 ceterae

401 4678 526 4742 Romae
552 4676 693 4758 scriptae
719 4678 877 4757 epistolae
906 4678 1004 4741 tidem
1028 4682 1060 4742 et
1086 4676 1303 4742 constantiam
1329 4674 1478 4741 laudibus
1504 4676 1670 4742 celebrant
1696 4669 1823 4762 (Cotus.
