4350 5586
896 1405 1053 1475 mnrrrs
1074 1407 1193 1476 rann
1217 1407 1323 1476 enas
1344 1408 1486 1477 emur.

683 1605 761 1690 DE
789 1607 1185 1693 ARGUMENTIS
1216 1605 1712 1693 CHRONOLOGlCIS.

1005 1861 1033 1930 §-
1059 1854 1087 1923 1.
1131 1856 1178 1920 Dc
1200 1854 1282 1920 Pauli
1304 1858 1375 1925 vita.
1478 1838 1481 1846 ’

597 2008 749 2073 Alienum
774 2025 855 2073 sane
881 2011 965 2072 esset
991 2025 1012 2072 a
1037 2006 1140 2072 nostri
1164 2008 1313 2091 opusculi
1340 2008 1406 2072 line
1431 2012 1464 2070 et
1489 2007 1638 2085 consilio,
1670 2003 1698 2068 si
1724 2006 1826 2068 totam
1850 2003 1900 2065 vi-

485 2115 553 2175 tam
585 2110 698 2188 Pauli,
730 2110 865 2192 insignis
894 2109 1061 2192 quondam
1092 2110 1210 2188 hostis,
1254 2116 1324 2175 tum
1355 2116 1465 2174 autem
1497 2110 1632 2191 insignis
1665 2105 1899 2190 praedicatoris

486 2214 663 2294 evangelii,
697 2212 751 2276 bic
772 2230 1026 2288 enarraremus;
1064 2217 1264 2295 quapropter
1286 2214 1329 2277 ab
1353 2231 1397 2296 ,eo
1424 2211 1557 2277 demum
1579 2218 1727 2293 tempore
1752 2225 1805 2273 res
1831 2207 1901 2289 ejus

487 2321 592 2399 gestas
624 2315 865 2394 describemus,
912 2332 978 2397 quo
1001 2315 1147 2380 secundo
1178 2316 1295 2381 itinere
1328 2316 1502 2380 Antiochia
1536 2313 1578 2379 ad
1614 2331 1728 2380 omnes
1760 2312 1901 2394 populos

485 2419 645 2500 religione
680 2419 857 2484 christiana
886 2417 1083 2482 imbuendos
1117 2419 1284 2501 proiectus
1317 2436 1377 2499 per
1403 2419 1515 2483 Asiam
1548 2417 1712 2483 minorem
1743 2412 1900 2480 Macedo·

485 2522 576 2587 niam
609 2525 641 2586 et
674 2517 846 2586 Graeciam
881 2521 1023 2586 intravit
1084 2519 1168 2586 Nam
1194 2527 1270 2586 ante
1296 2521 1361 2586 boe
1381 2525 1509 2603 tempus
1535 2521 1694 2602 epistolae
1718 2517 1902 2601 pastorales

486 2625 585 2690 scribi
610 2623 746 2690 omnino
767 2641 836 2689 nou
860 2627 1038 2706 potuerunt
1060 2626 1093 2687 et
1112 2641 1212 2689 nemo
1235 2623 1304 2688 lere
1331 2627 1405 2688 ante
1431 2623 1513 2688 illud
1537 2629 1666 2706 tempus
1693 2638 1749 2686 eas
1764 2621 1901 2702 scriptas

433 2726 434 2730 ’
488 2744 560 2793 esse
586 2727 720 2809 putavit
1104 2717 1106 2720 ’
1273 2745 1275 2749 ’
1999 2715 2002 2720 ’

601 2828 722 2894 Paulus
756 2828 854 2910 igitur
890 2831 922 2892 et
954 2825 1056 2906 Silas,
1091 2833 1127 2891 ut
1158 2827 1262 2894 Lucas
1295 2831 1365 2893 Act
1388 2825 1639 2894 XVl-lell.
1664 2827 1760 2892 nobis
1792 2830 1903 2890 narrat

487 2932 662 2997 Antiochia
679 2932 775 2997 simul
795 2929 945 3013 proiecti,
971 2948 1030 3014 per
1055 2928 1182 3010 Syriam
1209 2937 1242 2995 et
1260 2928 1407 2996 Ciliciam
1425 2930 1541 2996 itinere
1565 2929 1652 2996 iacto
1674 2931 1784 3012 ibique
1807 2928 1901 2994 Chri-

414 3091 423 3103 ,
488 3023 601 3099 silanis
634 3036 669 3100 in
699 3034 764 3098 fide
790 3034 1009 3110 confirmatis,
1041 3032 1174 3098 Derben
1198 3037 1436 3116 pervenerunt,
1471 3033 1527 3098 ubi
1551 3033 1673 3099 Paulus
1696 3032 1903 3097 Timotheum

474 3137 642 3223 ¹juvenem
678 3140 711 3200 et
740 3136 893 3218 iudaicae
914 3136 956 3201 ad
980 3134 1079 3200 fidem
1105 3136 1316 3201 christianam
1342 3154 1522 3201 conversae
1549 3137 1692 3201 laminae
1718 3136 1819 3199 lilium
1847 3152 1905 3199 co-

438 3255 443 3268 ’
488 3239 601 3304 mitem
620 3239 812 3321 sociumque
838 3240 900 3303 sibi
926 3238 1109 3321 assumpsit.
1159 3238 1335 3331 Phrygiam
1360 3238 1478 3304 deinde
1504 3244 1537 3303 et
1562 3238 1724 3306 Galatiam
1749 3238 1907 3319 Mysiam-

489 3361 553 3424 que
578 3348 789 3425 peragrantes
811 3340 975 3409 Troadem
1000 3341 1099 3406 delati
1124 3347 1210 3421 sunt,
1231 3343 1318 3407 unde
1339 3341 1434 3408 Pauli
1459 3342 1591 3407 somnio
1617 3341 1773 3407 commoti
1792 3341 1919 3411 Mace.

489 3445 623 3511 doniam
655 3445 789 3526 navigio
822 3445 984 3528 petierunt
1016 3448 1049 3508 et
1078 3442 1246 3527 Philippos
1273 3450 1371 3527 caput
1394 3444 1610 3511 Macedoniae
1635 3449 1804 3510 venerunt.
1857 3444 1904 3509 lbi

488 3549 571 3612 sicut
605 3546 858 3614 Thessalonicae
891 3553 924 3612 et
954 3546 1102 3611 Beroeae
1129 3548 1289 3629 evangelii
1314 3547 1493 3631 praedicati
1518 3565 1618 3613 causa
1644 3565 1664 3613 a
1686 3546 1820 3613 ludaeis
1843 3565 1904 3612 ex·

489 3651 656 3734 pelluntur
687 3656 719 3716 et
752 3648 821 3715 Sila
852 3649 1091 3731 Timotheoque
1124 3650 1272 3716 Beroeae
1307 3651 1428 3716 relictis
1452 3650 1573 3717 Paulus
1599 3651 1742 3716 Athenas
1762 3649 1903 3731 indeque

490 3755 683 3830 Corinthum
703 3754 869 3837 proiectus
894 3757 952 3830 est,
977 3752 1035 3817 uhi
1060 3758 1209 3836 tempore
1235 3753 1346 3835 aliquo
1375 3755 1600 3836 praeterlapso
1627 3753 1764 3817 comites
1791 3753 1822 3816 ei
1843 3753 1905 3816 ile-

460 3874 563 3922 rum
595 3856 761 3940 conjuncti
794 3860 878 3921 sunt
939 3854 1087 3922 Corinthi
1121 3856 1241 3922 Paulus
1276 3872 1400 3922 annum
1432 3861 1465 3921 et
1489 3874 1548 3921 sex
1575 3872 1704 3920 menses
1731 3855 1903 3921 continuos

488 3960 609 4025 mansit
633 3965 666 4025 et
688 3959 809 4035 docuit,
832 3958 926 4023 initio
953 3957 1085 4039 quidem
1104 3960 1213 4024 solum
1232 3959 1379 4026 ludaeos
1401 3958 1459 4022 sed
1485 3961 1527 4024 ab
1551 3960 1615 4023 illis
1641 3958 1778 4039 reiectus
1802 3956 1906 4023 Grae-

490 4080 559 4139 cos,
580 4080 720 4146 quorum
746 4061 905 4146 plurimos
930 4061 1075 4126 veritatis
1100 4062 1295 4128 christianae
1321 4062 1489 4127 convictos
1509 4064 1543 4127 in
1570 4062 1741 4127 ecclesiam
1767 4061 1907 4144 collegit,

490 4185 512 4232 a
543 4164 755 4232 ludaeorum
776 4164 902 4229 insidiis
932 4170 965 4228 et
997 4164 1206 4229 accusatione
1235 4182 1295 4248 per
1323 4162 1508 4230 Gallionem
1533 4165 1678 4247 Achaiae
1704 4165 1906 4247 praelectum

490 4269 657 4334 liberatus.
715 4269 800 4335 Tum
828 4266 952 4333 Paulus
984 4283 1059 4331 cum
1091 4266 1264 4333 comitibus
1291 4266 1448 4334 Corintho
1474 4268 1588 4333 relicta
1612 4267 1778 4351 Ephesum
1808 4269 1907 4344 venit,

491 4373 549 4437 ubi
574 4371 704 4438 incolae
725 4373 760 4436 in
785 4369 993 4451 evangelium
1017 4370 1240 4452 praedicatum
1267 4372 1364 4454 plane
1390 4371 1546 4453 propensi
1572 4389 1647 4436 eum
1673 4376 1847 4453 rogarunt,
1872 4375 1907 4435 nt

492 4492 573 4540 mox
605 4477 841 4551 reverteretur,
873 4472 962 4554 quod
990 4472 1154 4555 pollicitus
1186 4474 1306 4539 Paulus
1332 4473 1568 4555 hierosolymis
1598 4473 1676 4538 visis
1701 4474 1908 4540 Antiochiam

492 4579 600 4658 venit,
632 4577 690 4644 ubi
715 4576 917 4657 aliquamdiu
942 4579 1090 4641 moratus
1122 4581 1180 4642 est.
1240 4579 1328 4643 inter
1361 4577 1496 4642 comites
1529 4576 1622 4642 Pauli
1648 4577 1690 4641 ab
1718 4595 1759 4643 eo
1785 4575 1907 4658 Ephesi

493 4681 624 4748 relictos
657 4679 720 4747 luit
752 4678 851 4744 etiam
880 4679 999 4763 Aquila
1023 4678 1168 4747 iudaeus
1191 4697 1267 4745 cum
1291 4697 1398 4746 uxore
1421 4679 1569 4748 Priscilla
1594 4678 1776 4747 aclaudio
1803 4681 1909 4762 impe-
