4350 5586
1071 517 1108 578 ll

378 698 530 779 intelligi3
570 712 685 761 omnes
721 696 782 759 hos
814 695 908 758 locos
942 694 1013 756 sine
1045 692 1146 759 dubio
1174 694 1288 758 contra
1314 690 1592 772 deuterogamiam
1619 709 1692 757 esse
1716 691 1800 757 scri·

376 808 461 885 plos,
487 816 588 883 quum
614 799 801 881 polygamia
827 815 893 862 uno
916 800 1041 860 tantum
1065 797 1140 861 loco
1160 812 1267 878 eoque
1284 793 1458 876 polemico,
1490 795 1571 861 lust.
1597 795 1642 861 Μ.
1669 795 1745 861 dial.
1770 815 1799 860 c.

377 905 497 987 Tryph.
528 895 576 968 14
600 906 895 977 commemoretur,
933 901 1079 964 maxime
1105 900 1203 980 igitur
1230 897 1364 962 dubium
1390 897 1449 975 sil,
1487 916 1529 962 an
1558 899 1616 963 illo
1649 903 1799 981 tempore

378 1024 495 1073 revera
521 1005 605 1070 inter
630 1005 775 1070 ludaeos
802 1003 953 1080 adsuerit,
978 1009 1075 1085 alque
1098 1020 1197 1085 quum
1216 1003 1273 1066 illa
1293 1017 1450 1082 perversa
1468 999 1642 1084 explicatio
1658 1002 1799 1067 oriunda

376 1111 476 1175 luerit
507 1125 551 1172 ex
584 1107 876 1174 Schleiermacheri
910 1108 1088 1182 sententia,
1122 1123 1173 1188 ep.
1200 1104 1223 1169 Ι.
1251 1103 1293 1168 ad
1320 1103 1401 1169 Tim.
1429 1103 1527 1185 plane
1551 1104 1593 1169 ab
1620 1105 1691 1168 aliis
1726 1123 1799 1170 esse

377 1213 551 1277 diversam.
611 1210 661 1276 Ex
687 1211 778 1277 hisce
805 1228 883 1275 vero
909 1209 1006 1273 rebus
1032 1214 1144 1292 aperte
1168 1207 1278 1289 sequi,
1313 1207 1469 1287 epistolas
1499 1206 1553 1271 diu
1581 1214 1655 1289 post
1679 1225 1798 1272 aevum

375 1316 594 1398 apostolicum
620 1331 693 1378 essa
718 1314 936 1394 compositas,
972 1311 1049 1394 qnia
1076 1316 1200 1377 certum
1225 1310 1400 1374 discrimen
1427 1309 1513 1375 inter
1537 1310 1661 1375 clerum
1683 1315 1716 1374 et
1736 1312 1798 1376 tai-

376 1436 433 1483 cos
460 1423 601 1499 ponant,
629 1417 707 1498 quia
729 1418 813 1481 inter
837 1415 1044 1498 presbyteros
1071 1421 1103 1479 et
1128 1415 1303 1496 episcopos
1327 1412 1537 1493 distinguant,
1562 1415 1638 1494 quia
1662 1431 1799 1480 monar-

375 1522 504 1587 chicam
530 1519 698 1600 regiminis
721 1520 932 1585 ecclesiastici
959 1518 1101 1583 sormam
1128 1516 1313 1593 ostendant,
1339 1516 1417 1597 quia
1444 1515 1585 1597 denique
1601 1517 1799 1598 deuteroga-

376 1626 478 1690 miam
512 1624 603 1689 clero
629 1622 845 1696 interdicant;
882 1623 966 1686 haec
994 1622 1107 1701 omnia
1132 1619 1267 1686 secundi
1301 1618 1424 1683 saeculi
1459 1623 1493 1682 at
1525 1635 1592 1682 non
1627 1622 1800 1701 apostolici

377 1745 450 1792 esse
476 1728 620 1808 propria,
647 1731 682 1791 ul
708 1744 750 1790 ex
777 1725 923 1808 epistolis
947 1724 1064 1805 Ignatii
1091 1730 1123 1790 et
1146 1723 1336 1789 Tertulliani
1363 1721 1530 1785 sententiis
1557 1722 1591 1784 in
1615 1723 1706 1787 libris
1730 1725 1799 1807 ejus

376 1831 417 1895 de
440 1829 596 1912 pudicitia
622 1834 654 1893 et
680 1829 720 1893 de
745 1828 956 1908 monogamia
981 1832 1012 1891 et
1038 1827 1080 1891 ad
1107 1844 1257 1903 uxorem,
1284 1843 1326 1888 ex
1353 1824 1495 1888 Hermae
1518 1828 1651 1904 pastore
1672 1827 1711 1904 ll,
1728 1820 1800 1904 4,4
1835 1834 1836 1837 ’

376 1935 514 2015 aliisque
544 1932 672 2013 scriptis
707 1932 793 1996 illius
825 1930 983 2014 temporis
1006 1935 1173 2013 appareat
1225 1928 1328 1995 Simul
1356 1931 1465 1992 lamen
1489 1943 1583 1991 suam
1609 1929 1799 1994 confirmari

372 2035 579 2112 sententiam,
604 2035 730 2099 Romae
753 2035 889 2117 scriptas
916 2049 988 2097 esse
1014 2034 1179 2114 epistolas,
1203 2034 1322 2114 quippe
1351 2048 1435 2111 quae
1462 2030 1600 2094 ecclesia
1626 2032 1704 2096 satis
1726 2050 1800 2099 ma·

374 2147 447 2203 ture
473 2137 684 2203 hierarchicis
711 2138 825 2202 studiis
852 2136 949 2201 luerit
974 2135 1114 2202 addicta.
1183 2135 1254 2202 Uno
1278 2132 1410 2217 quidem
1437 2133 1475 2199 N.
1502 2133 1538 2197 Τ.
1560 2133 1636 2196 loco
1662 2136 1799 2215 reperiri

375 2241 516 2307 similem
549 2242 591 2306 de
616 2259 753 2305 munere
781 2240 1047 2322 presbyterorum
1072 2241 1266 2304 sententiam
1293 2256 1314 2303 a
1339 2236 1443 2301 Paulo
1469 2237 1738 2317 pronunciatam,
1766 2239 1800 2302 in
1828 2296 1833 2305 .

377 2345 547 2422 oratione,
581 2362 647 2427 qua
667 2344 816 2427 Ephesiis
842 2342 1034 2407 valedixerit
1059 2337 1139 2428 (bct.
1158 2341 1229 2419 XX,
1246 2331 1418 2427 lit-35),
1444 2339 1502 2402 sed
1527 2339 1619 2403 illum
1645 2355 1714 2403 non
1740 2338 1800 2405 de-

375 2449 455 2514 bere
481 2447 592 2512 afferri
615 2466 677 2530 pro
702 2447 901 2524 testimonio,
927 2447 1005 2528 quia
1029 2451 1141 2527 aperte
1164 2455 1183 2510 a
1209 2445 1369 2531 scriptore
1388 2449 1463 2525 post
1479 2447 1632 2507 eventum
1649 2443 1690 2508 sit
1707 2459 1801 2508 com·

375 2553 511 2635 positus.
563 2549 618 2615 Sic
650 2551 740 2616 omni
766 2549 961 2615 dubitationi
995 2566 1067 2613 esse
1089 2553 1297 2630 exemptum,
1332 2552 1461 2613 nostras
1485 2546 1639 2628 epistolas
1666 2551 1801 2629 propter

376 2654 535 2721 ecclesiae
568 2655 834 2720 constitutionem
868 2670 968 2736 quam
1002 2657 1127 2735 ponant
1159 2652 1269 2717 medio
1300 2650 1369 2715 lere
1395 2649 1542 2715 secundo
1568 2650 1702 2714 saeculo
1729 2667 1801 2715 esse

377 2759 505 2824 conscii
529 2762 590 2823 tas.

500 2776 610 2940 guum
640 2860 674 2924 in
699 2859 917 2940 descriptione
940 2857 1098 2923 ecclesiae
1124 2856 1325 2954 apostolicae
1345 2853 1564 2930 ostenderim,
1595 2855 1802 2918 constitutio-

378 2981 455 3029 nem
480 2964 551 3046 ejus
577 2963 677 3028 luisse
703 2962 860 3040 eandem,
887 2980 986 3044 quam
1012 2960 1180 3025 Eichhorn
1202 2961 1324 3024 nostris
1346 2959 1381 3021 in
1407 2957 1553 3038 epistolis
1580 2955 1688 3021 inesse
1714 2957 1801 3034 dicit,

378 3067 492 3133 omnia
511 3067 667 3131 habuisse
692 3066 838 3131 instituta
861 3083 945 3147 quae
970 3064 1025 3128 ille
1050 3069 1230 3139 enumerat,
1256 3062 1353 3144 huius
1376 3060 1439 3124 viri
1458 3064 1652 3140 argumenta
1667 3059 1801 3124 uberius

378 3169 551 3237 refutanda
577 3186 643 3234 non
669 3175 745 3233 sunt
770 3175 910 3251 excepto
934 3184 1013 3246 uno,
1038 3167 1128 3248 quod
1153 3184 1197 3230 ex
1217 3165 1379 3246 stipendio
1405 3163 1603 3244 presbyteris
1619 3161 1697 3226 dato
1713 3164 1802 3246 petit,
1847 3165 1849 3169 ’

380 3272 468 3355 quod
499 3279 609 3337 tamen
642 3289 743 3353 quum
776 3274 874 3337 etiam
908 3271 997 3335 Baur
1019 3269 1152 3346 afferat,
1183 3268 1218 3331 in
1243 3266 1451 3332 recensendis
1478 3267 1564 3330 illius
1590 3265 1802 3346 opinionibus
1849 3257 1851 3261 ⁴

380 3376 661 3442 commemorabo.
724 3374 847 3441 Contra
880 3374 991 3439 Baurii
1023 3378 1132 3436 autem
1167 3371 1345 3435 sententias
1379 3371 1488 3435 statim
1522 3370 1564 3433 ab
1595 3369 1690 3432 initio
1721 3369 1802 3434 mihi

380 3480 592 3562 pugnandum
618 3482 677 3544 est.
728 3482 776 3543 Ac
800 3480 942 3561 primum
969 3474 1100 3557 quidem
1127 3474 1310 3539 concedere
1335 3490 1403 3538 non
1431 3488 1577 3556 possum,
1604 3473 1713 3536 locum
1731 3475 1802 3537 Act.

378 3581 450 3658 XX,
480 3574 645 3649 18-35
672 3598 741 3646 non
767 3598 840 3647 esse
866 3582 1055 3663 genuinum,
1082 3595 1182 3660 quum
1208 3577 1329 3643 Paulus
1356 3575 1440 3658 Eph.
1463 3576 1515 3652 lv,
1544 3568 1588 3638 ll
1618 3575 1736 3640 eodem
1761 3574 1802 3638 de

379 3685 577 3767 presbyteris
599 3685 701 3750 verbo
727 3689 847 3750 ulatur.
897 3682 1105 3764 Argumentis
1131 3698 1222 3760 vero,
1248 3698 1334 3763 quae
1359 3683 1475 3744 contra
1501 3681 1657 3742 Actorum
1684 3684 1716 3742 el
1732 3679 1804 3759 epi-

378 3788 484 3852 stolae
509 3789 551 3854 ad
577 3787 737 3870 Ephesios
762 3788 965 3853 authentiam
990 3786 1120 3867 prolata
1135 3788 1228 3860 sunt,
1255 3782 1375 3847 adduci
1398 3799 1464 3846 non
1491 3797 1645 3862 possum,
1680 3786 1715 3845 ut
1740 3796 1804 3863 pu-

378 3897 445 3954 tem
470 3892 554 3958 haec
578 3893 699 3973 scripta
724 3908 793 3956 non
817 3892 860 3956 ab
886 3890 944 3967 iis,
979 3904 1062 3970 quos
1080 3903 1160 3969 prae
1183 3902 1219 3949 ae
1245 3884 1370 3962 lerant,
1399 3884 1587 3950 auctoribus
1612 3900 1684 3947 esse
1710 3899 1803 3948 com·

379 3994 506 4075 posita,
540 3994 598 4061 sed
631 3999 746 4078 postea
773 3995 815 4058 ab
842 3992 1029 4058 hominibus
1056 3987 1251 4073 quibusdam
1277 3990 1416 4054 conficta
1446 3993 1479 4053 el
1502 3987 1688 4068 supposita;
1724 3988 1802 4069 quin

379 4099 481 4161 immo
506 4098 551 4161 ita
577 4099 618 4162 de
644 4098 812 4164 authentia
829 4097 916 4162 illius
935 4100 1092 4161 uotorum
1115 4093 1180 4157 loci
1205 4093 1285 4156 mibi
1307 4108 1501 4175 persuasum
1521 4095 1579 4167 est,
1604 4092 1641 4152 ut
1663 4106 1705 4152 eo
1725 4091 1799 4154 solo

380 4200 476 4264 nixus
510 4206 637 4283 tempus
667 4219 733 4282 quo
760 4201 784 4264 l.
812 4200 894 4264 Tim.
917 4199 1038 4281 scripta
1063 4196 1105 4262 sil
1133 4196 1195 4259 rite
1218 4195 1347 4260 deliniri
1374 4213 1471 4278 posse
1504 4192 1693 4274 negaverim
1728 4210 1803 4274 pag.

380 4294 440 4377 23,
466 4319 547 4383 ergo
572 4304 709 4367 minime
733 4302 857 4367 Baurio
883 4301 1034 4366 assentiri
1058 4315 1212 4382 possum,
1240 4300 1294 4380 qui
1322 4300 1453 4382 quidem
1473 4295 1667 4361 omnimodo
1694 4296 1803 4360 studet

379 4409 482 4470 totam
511 4406 706 4488 scripturam
731 4423 861 4471 sacram
888 4404 1055 4470 destrucre
1082 4409 1114 4466 el
1139 4407 1270 4484 praeter
1292 4408 1434 4484 quatuor
1458 4399 1551 4467 Pauli
1577 4399 1732 4479 epistolas
1760 4399 1802 4463 ad

379 4508 473 4573 Rom.
505 4506 581 4574 Cor.
611 4513 643 4570 et
678 4507 752 4574 Gal.
777 4508 895 4574 lalsam
920 4509 1029 4572 fictam
1056 4505 1326 4588 suppositamque
1352 4505 1531 4570 declarare.
1594 4501 1661 4567 Nec
1695 4503 1802 4566 minus

379 4611 451 4676 aliis
472 4611 547 4698 ejus
573 4611 741 4675 sententiis
764 4612 939 4684 adversor,
972 4626 1052 4674 nam
1081 4608 1261 4691 presbyteri
1293 4610 1412 4674 nostris
1436 4604 1584 4692 epistolis
1608 4605 1724 4669 iisdem
1750 4604 1803 4669 ol·

380 4715 460 4779 liciis
482 4715 653 4795 iungentes
676 4714 794 4795 quibus
821 4717 854 4780 in
880 4715 944 4780 illis
970 4713 1062 4779 dictis
1089 4730 1166 4777 vere
1196 4713 1336 4794 paulinis
1362 4712 1531 4785 videntur,
1564 4713 1596 4773 el
1617 4708 1737 4774 Paulus
1761 4725 1801 4771 ea

1499 4836 1520 4900 6
