4350 5586
1103 448 1142 511 lu

413 647 512 713 quum
539 628 725 709 proximam
751 625 894 690 hiemem
920 623 1070 706 Nicopoli
1097 628 1277 710 transigere
1303 629 1401 693 vellet
1426 633 1458 692 et
1484 630 1615 695 nouisse
1633 633 1829 713 Apollinem,

413 751 511 815 quem
532 736 607 795 aute
634 735 771 812 tempus,
803 746 869 810 quo
896 726 1017 809 Ephesi
1044 737 1192 795 moratus
1219 737 1287 808 est,
1312 735 1380 796 het
1406 729 1493 796 xlx.
1518 750 1586 798 uon
1611 733 1712 811 vidit;
1749 753 1828 816 ergo

411 854 477 900 uon
504 838 579 900 ante
605 832 686 897 illud
715 838 841 913 tempus
865 830 963 894 scribl
987 833 1092 912 potuit
1112 833 1250 914 epistola
1279 851 1339 898 nec
1366 839 1440 914 post
1467 839 1612 920 tempus,
1646 855 1711 918 quo
1745 856 1828 921 apo·

410 940 514 1004 stolus
539 935 769 1015 Hierosolyma
794 933 960 1017 proiectus
987 934 1032 997 ibi
1060 936 1209 1000 libertate
1231 936 1376 1018 privatus
1404 940 1462 1000 est.
1737 996 1740 1001 .

527 1033 557 1102 l.
602 1038 776 1102 -Eicbhoru
812 1036 953 1118 primum
977 1044 1109 1116 monet,
1146 1039 1208 1104 iter
1232 1039 1326 1103 Pauli
1355 1056 1429 1103 cum
1457 1038 1530 1102 Tito
1557 1039 1589 1102 in
1617 1036 1746 1104 Cretam
1776 1038 1828 1103 fa-

410 1147 497 1207 ctum
533 1157 694 1223 nusquam
726 1140 922 1217 memorari,
954 1139 1148 1223 relectisque
1178 1139 1325 1225 Cappelli
1357 1146 1388 1206 et
1412 1140 1581 1206 Michaelis
1608 1140 1828 1222 opinionibus,

350 1288 357 1303 ,
411 1245 466 1327 qui
501 1242 578 1307 dum
608 1244 727 1308 Paulus
756 1241 902 1307 Corinthi
940 1251 1089 1309 versatur
1118 1246 1187 1309 hcl.
1219 1244 1332 1311 xvlll.
1364 1244 1537 1325 epistolam
1571 1251 1716 1309 nostram
1746 1245 1827 1308 scri-

410 1353 500 1430 ptam
527 1363 598 1410 esse
625 1346 772 1411 arbitrati
796 1350 889 1421 sunt,
925 1362 1032 1426 nequa
1058 1352 1136 1411 tuuc
1160 1346 1216 1410 ubi
1243 1347 1363 1412 Paulus
1390 1346 1510 1429 Ephesi
1542 1351 1606 1410 tres
1633 1347 1828 1412 fercannus

411 1456 490 1527 erat,
517 1446 614 1513 scr'ibi
642 1449 787 1531 potuisse
810 1447 995 1525 contendit,
1020 1450 1097 1529 quia
1123 1449 1303 1515 secuudum
1329 1448 1437 1516 Lucae
1462 1450 1685 1515 narrationem
1707 1449 1828 1515 Paulus

411 1553 568 1618 contiuuo
590 1551 711 1634 Ephesi
737 1551 893 1616 manserit
916 1554 948 1613 et
972 1568 1107 1633 prorsus
1131 1551 1261 1616 diverso
1288 1553 1403 1617 itinere
1430 1570 1509 1618 usus
1534 1553 1590 1630 sit,
1618 1568 1715 1634 quam
1739 1553 1828 1634 quod

411 1661 543 1721 nostrae
568 1656 727 1737 epistolae
752 1655 878 1719 initium
904 1654 1054 1734 postulet
1105 1653 1256 1738 Denique
1279 1660 1312 1721 et
1338 1653 1487 1721 Grotium
1512 1655 1653 1747 refutat,
1669 1655 1724 1738 qui
1747 1673 1828 1720 con-

411 1759 566 1834 tenderit,
598 1758 736 1823 Paulum
762 1774 838 1822 cum
860 1754 933 1820 Tito
957 1755 990 1820 iu
1019 1755 1115 1823 Creta
1144 1759 1244 1824 luisse
1271 1763 1303 1823 et
1329 1760 1429 1840 paulo
1456 1765 1530 1841 post
1552 1759 1724 1841 epistolam
1747 1761 1830 1822 scri-

411 1862 534 1944 psisse,
571 1862 627 1925 ubi
656 1860 803 1942 captivus
832 1860 975 1924 Romam
1010 1860 1124 1925 ductus
1159 1860 1201 1927 ad
1234 1859 1366 1927 Cretam
1396 1863 1521 1945 appulit
1547 1867 1616 1927 hcl.
1641 1861 1770 1937 xxvll,
1795 1853 1829 1938 8,

411 1982 512 2048 quum
536 1966 603 2028 tum
629 1963 751 2028 Paulus
773 1963 836 2027 Titi
861 1963 1019 2027 socictate
1046 1981 1112 2027 non
1138 1980 1217 2029 usus
1241 1966 1283 2028 sit
1308 1983 1369 2029 nec
1395 1966 1542 2048 captivus
1564 1967 1656 2030 brevi
1680 1971 1829 2047 tempore

412 2065 570 2132 ecclesiae
606 2065 817 2131 fundamenta
839 2064 952 2146 jncere
976 2065 1010 2130 in
1037 2062 1134 2131 Creta
1159 2068 1318 2149 potuerit,
1349 2071 1452 2135 multo
1479 2085 1559 2134 vero
1586 2068 1693 2133 minus
1719 2069 1829 2133 consi-

411 2172 489 2236 lium
511 2187 631 2251 capere
658 2176 692 2233 ut
718 2170 904 2251 proximam
928 2167 1070 2233 hiemem
1093 2170 1244 2252 Nicopoli
1267 2172 1434 2253 transigat.

524 2263 557 2336 2.
610 2272 659 2336 De
690 2272 799 2338 Wette
821 2271 904 2336 alios
931 2271 1085 2355 scriptam
1113 2289 1185 2337 esse
1208 2274 1393 2356 epistolam,
1429 2289 1531 2356 quum
1555 2270 1676 2336 Paulus
1698 2270 1829 2354 Epheso

408 2375 675 2458 proficisceretur
695 2377 766 2439 Act.
788 2373 859 2451 XX,
884 2365 992 2452 1-3,
1015 2376 1098 2440 alios
1125 2377 1181 2441 ubi
1207 2374 1356 2442 Corinthi
1379 2377 1499 2442 diutius
1524 2380 1720 2451 moraretur,
1746 2376 1829 2439 alios

412 2496 512 2560 quum
538 2476 697 2542 Corintho
724 2477 890 2558 Ephesum
914 2480 1049 2558 peteret,
1073 2477 1156 2543 alios
1177 2497 1276 2560 quum
1295 2479 1415 2563 Ephesi
1432 2486 1497 2544 tres
1523 2479 1594 2544 tere
1608 2494 1714 2542 anuos
1734 2484 1829 2556 esset,

411 2582 495 2645 alios
521 2579 661 2663 denique
686 2598 788 2662 quum
813 2578 991 2644 secundum
1014 2581 1076 2645 iter
1104 2580 1348 2648 Corinthiacum
1378 2583 1502 2648 laceret
1533 2579 1740 2646 contendisse
1773 2599 1829 2645 re·

412 2684 491 2753 tert:
522 2683 581 2748 sed
604 2684 701 2749 simul
727 2700 842 2776 omnes
863 2699 991 2748 errasse
1016 2683 1111 2762 dicit,
1146 2686 1223 2766 quia
1244 2703 1358 2751 omnes
1386 2687 1518 2752 illorum
1538 2684 1719 2750 sententiae
1740 2683 1829 2748 baud

411 2785 606 2852 verisimiles
622 2789 687 2851 sint
707 2803 768 2851 nec
789 2786 858 2851 ullo
879 2790 1029 2868 tempore
1056 2787 1176 2852 Paulus
1200 2786 1351 2871 Nicopoli
1375 2790 1517 2854 hiemem
1540 2788 1720 2869 transigere
1744 2787 1828 2851 velle

410 2890 564 2973 potuerit.
622 2889 686 2968 Qui
721 2895 796 2955 ante
830 2890 1127 2955 commorationem
1159 2891 1325 2972 ephesiam
1363 2893 1535 2975 epistolam
1569 2891 1724 2972 scriptam
1756 2907 1828 2954 esse

411 2994 542 3071 vellent,
565 3007 632 3056 uon
653 2993 856 3073 respexisse,
875 2992 981 3058 Paulo
1005 2999 1073 3057 tum
1101 2993 1247 3058 noudum
1269 3001 1382 3060 uotum
1407 2995 1508 3061 tuisse
1535 2994 1737 3076 Apollinem3
1773 2995 1828 3075 qui

411 3099 444 3161 in
478 3113 519 3161 ea
553 3100 609 3159 aut
634 3099 709 3178 post
734 3113 807 3160 eam
834 3096 993 3177 epistolae
1017 3096 1158 3177 scriptae
1179 3105 1307 3180 tempus
1334 3103 1513 3180 ponerent,
1548 3115 1615 3162 non
1650 3099 1829 3179 reputasse,

411 3199 519 3291 itineri
552 3198 585 3262 iu
621 3196 750 3262 Cretam
783 3197 934 3263 faciendo
966 3199 1076 3281 ibique
1100 3201 1271 3280 evaugelio
1294 3200 1516 3284 praedicando
1541 3201 1596 3264 rix
1623 3205 1750 3282 tempus
1775 3217 1847 3290 re·¹

412 3302 534 3383 linqui;
568 3317 668 3367 unam
704 3301 803 3383 igitur
831 3302 1025 3366 sententiam
1052 3320 1137 3385 quae
1161 3303 1341 3384 probabilis
1368 3304 1471 3369 videri
1494 3303 1615 3386 possit,
1649 3320 1721 3367 esse
1744 3319 1830 3376 eam,

412 3422 478 3488 qua
508 3408 582 3486 post
608 3405 747 3488 primam
772 3405 991 3486 captivitatem
1014 3423 1187 3471 romanam
1210 3407 1348 3488 epistola
1372 3408 1493 3489 scripta
1515 3423 1588 3471 esse
1614 3410 1763 3487 putetur,
1795 3406 1830 3469 ni

413 3515 445 3573 et
461 3507 538 3572 huic
561 3507 717 3583 obstaret,
740 3509 847 3573 Titum
874 3508 971 3589 plane
999 3509 1032 3571 in
1058 3509 1131 3573 aliis
1157 3510 1346 3591 regionibus
1372 3514 1568 3593 occupatum
1594 3507 1706 3587 videri,
1731 3524 1829 3590 quam

412 3613 445 3675 in
473 3608 569 3676 Creta
591 3606 640 3695 (ll.
664 3610 745 3675 Tim.
770 3612 823 3688 lv,
852 3603 909 3698 10)
937 3610 1047 3693 itaque
1074 3629 1117 3676 ex
1142 3612 1192 3675 bis
1218 3611 1462 3679 difficultatibus
1485 3618 1518 3678 et
1543 3629 1662 3693 magna
1689 3613 1829 3691 scripto·

413 3730 485 3778 rum
510 3713 713 3779 dissensione
734 3711 908 3790 concludit,
935 3714 1042 3778 locum
1071 3715 1228 3797 epistolae
1250 3716 1284 3779 in
1302 3716 1395 3781 Pauli
1421 3718 1484 3780 rita
1506 3733 1573 3780 nou
1596 3731 1678 3779 esse.

533 3807 567 3882 3.
619 3816 733 3882 Scholt
767 3819 909 3899 primum
942 3834 1095 3898 magnam
1129 3820 1327 3900 scriptorum
1357 3817 1398 3883 de
1426 3826 1575 3901 tempore
1597 3818 1737 3901 scriptae
1759 3818 1830 3899 epi·

412 3919 518 3983 stolae
553 3918 790 3985 dissensionem
815 3920 1003 3998 coufessus,
1034 3938 1101 3986 non
1136 3927 1244 3986 tamen
1279 3921 1519 4004 desperandum
1544 3921 1585 3985 de
1612 3922 1671 3986 illo
1695 3921 1830 3985 investi-

413 4021 523 4103 gando
548 4040 619 4087 esse
645 4022 732 4087 dicit.
783 4021 936 4088 Relutata
959 4022 1076 4089 deinde
1103 4021 1259 4106 Cappelli,
1285 4025 1456 4090 Michaelis
1479 4032 1512 4090 at
1537 4022 1641 4088 Grotii
1659 4025 1830 4100 sententia,

413 4126 511 4189 etiam
535 4140 611 4189 eum
638 4144 749 4192 errare
773 4125 961 4204 contendit,
987 4131 1043 4208 qui
1070 4127 1242 4208 epistolam
1265 4129 1422 4211 scriptam
1448 4146 1519 4192 osse
1546 4127 1739 4204 arbitretur,
1775 4131 1831 4192 aut

414 4227 492 4291 dum
515 4226 634 4292 Paulus
660 4229 780 4312 Ephesi
807 4235 1040 4307 commoretur,
1066 4229 1155 4310 quod
1181 4230 1333 4297 relationi
1358 4234 1516 4296 Actorum
1540 4231 1750 4306 contradicat,
1775 4233 1831 4294 aut

413 4331 491 4395 dum
517 4332 685 4411 apostolus
710 4331 841 4413 Epheso
868 4334 901 4398 iu
929 4331 1101 4398 Graeciam
1122 4333 1366 4416 proficiscatur,
1401 4335 1649 4415 quodpropter
1674 4334 1830 4414 temporis

413 4432 607 4497 brevitatem
631 4440 663 4498 et
688 4452 840 4517 magnam
867 4435 1119 4513 festinationem,
1144 4431 1305 4518 quatum
1331 4436 1451 4502 Paulus
1479 4452 1556 4502 usus
1580 4437 1640 4514 sit,
1666 4436 1737 4501 heri
1763 4452 1830 4500 non

413 4536 568 4618 potuerit
628 4536 726 4601 Suam
762 4538 902 4620 denique
937 4539 1131 4603 sententiam
1164 4557 1238 4604 eam
1273 4541 1461 4621 proposuit,
1495 4539 1633 4606 Paulum
1670 4536 1829 4604 Corintho

415 4639 598 4722 protectum
631 4645 699 4706 Act.
733 4640 853 4718 xvlll,
885 4632 930 4707 18
964 4647 1156 4723 tempestate
1191 4647 1246 4707 aut
1273 4647 1479 4711 mercaturae
1511 4632 1611 4711 causa
1639 4640 1672 4705 in
1699 4638 1829 4706 Cretam
