4350 5586
1185 497 1205 563 2

490 675 593 767 oem),
623 678 821 763 Theophilus
857 674 909 768 (ad
941 677 1136 757 Autolycum
1168 676 1231 753 lll,
1260 670 1336 764 14),
1376 677 1594 748 Tertullianus
1629 677 1681 768 (de
1714 683 1903 765 praescript.

490 786 612 848 haeret.
635 774 716 870 25.)‚
744 782 846 848 Clem.
871 779 1033 846 Alexand.
1061 773 1191 866 (Strom.
1218 778 1265 858 ll,
1290 771 1387 869 383),
1414 783 1554 866 denique
1581 782 1740 868 Origenes
1765 781 1903 869 (Comm.

488 891 520 951 in
547 886 661 952 Mattb.
686 880 826 972 XXXV.)
864 886 1052 948 constanter
1084 882 1156 946 illas
1191 886 1227 944 ut
1259 900 1335 949 vere
1368 887 1518 967 paulinas
1548 893 1720 965 asserunt,
1760 888 1904 969 ideoque

488 990 648 1054 Eusebius
667 990 699 1053 in
717 989 792 1051 loco
814 986 1029 1051 celeberrimo
1047 984 1088 1048 de
1107 1001 1235 1049 canone
1250 984 1290 1051 N.
1304 987 1340 1052 Τ.
1356 983 1447 1074 (ilict.
1464 991 1542 1054 eccl.
1558 989 1613 1068 lll,
1629 985 1699 1079 25.)
1720 990 1806 1055 inter
1821 992 1904 1055 scri-

488 1097 544 1176 pta
565 1076 867 1180 ὁμολογούμενα,
893 1094 926 1154 et
949 1088 1081 1170 quidem
1106 1086 1200 1152 Pauli
1225 1088 1380 1170 epistolas
1407 1109 1463 1157 eas
1489 1093 1600 1157 refert.
1650 1090 1745 1173 Quae
1771 1094 1903 1175 quidem
2039 1082 2045 1088 ’

488 1199 641 1260 constans
676 1193 833 1257 ecclesiae
859 1193 1040 1258 catholicae
1066 1189 1237 1272 persuasio
1264 1196 1297 1256 ct
1319 1193 1451 1259 traditio
1476 1213 1546 1259 non
1569 1212 1728 1260 concussa
1755 1202 1788 1260 et
1811 1198 1903 1262 labe-

488 1299 608 1362 factata
633 1300 682 1360 est
704 1296 872 1360 sententiis
896 1294 1094 1369 Marcionis,
1128 1292 1256 1357 Tatiani
1278 1301 1310 1358 et
1332 1297 1473 1361 aliorum
1499 1295 1749 1375 Gnosticorum,
1780 1301 1835 1381 qui
1861 1317 1903 1364 ex

487 1400 670 1467 rationibus
696 1399 790 1463 nobis
814 1416 882 1463 non
903 1398 974 1480 iam
1000 1393 1137 1478 cognitis
1164 1396 1318 1478 epistolas
1342 1399 1416 1464 illas
1436 1398 1640 1482 rejecerunt3
1665 1400 1694 1464 si
1716 1401 1817 1481 igitur
1842 1419 1903 1467 an·

487 1505 612 1585 tiquam
638 1502 796 1566 ecclesiae
817 1500 1028 1565 traditionem
1054 1499 1264 1581 spectatoris,
1290 1502 1407 1566 eadem
1432 1502 1496 1567 lide
1521 1521 1587 1585 qua
1613 1504 1679 1568 alia
1703 1502 1741 1568 N.
1759 1504 1795 1569 T.
1820 1506 1906 1569 scri·

488 1611 545 1688 pta
567 1606 685 1687 dignae
712 1609 804 1681 sunt,
839 1610 870 1667 et
888 1602 985 1667 valde
1005 1610 1139 1665 *errasse
1163 1601 1244 1665 mihi
1269 1603 1398 1669 videtur
1425 1602 1587 1683 Credner,
1613 1607 1669 1687 qui
1695 1605 1728 1669 in
1752 1606 1902 1672 introdu-

488 1710 595 1773 ctione
620 1709 653 1772 in
678 1706 716 1772 N.
738 1707 774 1771 T.
800 1706 832 1782 1,
863 1697 950 1772 449.
975 1703 1196 1785 suspicionem
1221 1704 1256 1768 in
1283 1708 1438 1788 epistolas
1461 1709 1641 1792 pastorales
1667 1713 1798 1788 movet,
1826 1711 1902 1792 quia

488 1830 508 1877 a
540 1812 686 1895 patribus
721 1808 910 1891 apostolicis
944 1823 1012 1871 non
1041 1811 1320 1873 commemoratae
1354 1815 1387 1874 et
1419 1812 1461 1875 ab
1496 1811 1668 1876 haereticis
1693 1811 1904 1894 impugnatae

487 1914 562 1979 sint
624 1910 749 1978 Eadem
780 1911 974 1976 auctoritate
994 1908 1154 1991 epistolae
1180 1909 1223 1975 ad
1247 1911 1429 1980 novissima
1453 1930 1557 1999 usque
1581 1920 1732 1998 tempora
1753 1915 1902 1998 perirue-

486 2018 616 2095 bantur,
636 2033 698 2081 nec
722 2016 876 2097 cuiquam
902 2013 936 2077 in
961 2015 1105 2094 mentem
1130 2012 1220 2076 venit
1243 2012 1284 2078 de
1310 2016 1444 2097 paulina
1464 2035 1577 2082 earnm
1597 2018 1725 2098 origine
1743 2017 1903 2096 dubitare,

488 2120 594 2184 donec
630 2119 763 2184 tandem
791 2116 1072 2183 Schleiermacher
1094 2116 1219 2180 exstitit
1240 2122 1273 2181 et
1298 2119 1416 2200 prioris
1443 2120 1486 2184 ad
1510 2121 1717 2187 Timotheum
1744 2122 1902 2203 epistolae

486 2223 624 2289 Paulum
658 2239 731 2287 esse
764 2222 959 2302 scriptorem
990 2218 1137 2283 maxime
1168 2219 1204 2282 in
1240 2219 1375 2286 dubium
1408 2224 1538 2289 vocavit
1574 2218 1634 2309 (lle
1667 2225 1780 2306 priore
1809 2225 1902 2291 Pauli

487 2326 531 2392 ad
560 2326 770 2390 Timotheum
793 2322 934 2406 epistola
954 2322 1069 2387 literae
1095 2321 1228 2386 criticae
1253 2316 1553 2415 Beroiini1807.),
1579 2327 1629 2391 bis
1654 2328 1800 2391 maxime
1825 2346 1901 2393 mo·

485 2436 536 2494 tus
559 2428 762 2505 rationibus,
795 2427 939 2509 primum
964 2424 1055 2506 quod
1080 2424 1220 2507 epistola
1245 2427 1348 2492 multa
1370 2429 1534 2495 vocabula
1557 2428 1662 2494 Paulo
1688 2430 1769 2494 alias
1796 2430 1900 2496 inusi-

484 2537 551 2596 tata
577 2531 697 2612 legenti
723 2532 912 2613 praeheret,
947 2531 1018 2592 tum
1042 2527 1131 2608 quod
1155 2527 1249 2592 multi
1274 2529 1340 2594 loci
1364 2537 1477 2614 aperte
1501 2550 1544 2597 ex
1569 2532 1752 2615 posteriora
1778 2533 1821 2597 ad
1845 2535 1900 2598 Ti·

486 2635 656 2700 motheum
689 2639 722 2698 et
754 2634 796 2699 ad
829 2633 937 2697 Titum
971 2630 1118 2713 epistolis
1147 2631 1315 2713 compilati
1341 2639 1466 2713 assent,
1502 2634 1620 2699 deinde
1646 2634 1735 2717 quod
1762 2637 1901 2718 epistola

485 2737 612 2802 nullum
641 2737 752 2809 locum
786 2738 820 2801 in
852 2732 945 2801 Pauli
969 2734 1037 2798 vita
1066 2734 1213 2812 baberet,
1235 2734 1377 2817 denique
1404 2736 1493 2819 quod
1517 2738 1651 2820 indigna
1676 2738 1780 2804 Paulo
1805 2745 1903 2816 esset‘

484 2842 673 2924 promiscue
697 2845 730 2904 et
752 2837 971 2920 incomposite
994 2835 1133 2919 scripta,
1154 2837 1226 2901 sine
1250 2844 1341 2903 recto
1367 2841 1602 2906 sententiarum
1625 2841 1742 2907 ordine
1770 2846 1803 2906 et
1828 2843 1899 2907 sinc

484 2944 550 3009 iine
575 2943 760 3026 perspicuo.
811 2940 906 3020 Quae
932 2938 1076 3004 rationes
1101 2940 1162 3004 viri
1188 2939 1286 3020 illius,
1305 2941 1430 3023 ingenti
1447 2960 1514 3026 quo
1534 2944 1699 3026 praeditus
1720 2949 1791 3010 erat
1806 2963 1900 3010 men·

485 3047 526 3110 tis
551 3047 703 3111 acumine
721 3045 915 3126 expositae,
939 3042 1027 3107 baud
1050 3059 1174 3125 paucos
1200 3043 1422 3126 perpulerunt
1448 3050 1484 3110 ut
1504 3046 1550 3111 illi
1571 3049 1816 3125 assentirentur,
1840 3048 1899 3113 sed

484 3150 583 3231 longe
607 3150 736 3232 plures,
769 3155 805 3212 ut
829 3147 973 3212 rehrtara
998 3145 1090 3211 illum
1114 3152 1147 3210 ct
1168 3146 1337 3228 paulinam
1361 3149 1520 3230 epistolae
1546 3150 1705 3231 originem
1723 3151 1901 3217 deiendcrc

484 3254 670 3330 studerent,
701 3250 748 3315 ita
776 3255 811 3314 ut
840 3248 1122 3316 Schleiermacbar
1146 3254 1263 3314 auctor
1285 3251 1350 3315 litis
1377 3253 1418 3317 da
1445 3254 1658 3334 epistolarum
1683 3255 1898 3336 pastoralium

485 3357 612 3438 origine
638 3355 714 3438 jure
737 3352 973 3419 nominaretur.
1032 3351 1116 3417 Nam
1144 3351 1199 3432 qui
1225 3370 1302 3417 eum
1321 3354 1425 3420 secuti
1449 3360 1542 3434 sunt,
1567 3373 1635 3422 non
1662 3358 1768 3422 solum
1796 3359 1898 3439 priori

485 3457 527 3522 ad
552 3458 760 3522 Timotheum
784 3455 844 3521 sed
869 3455 970 3521 etiam
993 3454 1169 3537 posteriori
1196 3459 1228 3519 et
1253 3455 1296 3520 ad
1321 3457 1429 3522 Titum
1455 3459 1612 3541 epistolae
1637 3461 1806 3542 paulinam
1829 3462 1899 3526 ori·

485 3562 593 3641 ginem
628 3559 878 3642 abjudicarunt,
909 3557 999 3641 quod
1033 3557 1181 3621 iecerunt
1205 3554 1372 3623 Eichhorn
1399 3560 1433 3624 in
1459 3562 1701 3626 introductione
1727 3564 1840 3628 critica
1864 3565 1897 3629 in

482 3663 521 3728 N.
546 3665 583 3730 T.
609 3663 663 3739 ill,
689 3654 907 3728 315-410
932 3660 1061 3744 Lipsiae
1090 3650 1186 3726 1812
1213 3664 1246 3724 et
1272 3661 1312 3727 de
1337 3661 1446 3727 Wette
1471 3664 1506 3728 in
1528 3665 1770 3730 introductione
1794 3665 1899 3730 histo·

483 3766 700 3832 rico-critica
721 3766 756 3829 in
780 3764 819 3831 N.
844 3765 883 3830 T.
908 3753 1093 3831 269·282
1119 3762 1268 3828 Basileaa
1297 3756 1414 3842 1826,
1440 3766 1523 3830 alter
1547 3767 1626 3848 quia
1650 3767 1713 3832 bac
1739 3768 1897 3850 epistolae

483 3871 581 3952 plane
616 3869 782 3935 diversum
811 3867 968 3948 loquendi
993 3883 1090 3931 usum
1115 3882 1154 3930 ac
1179 3871 1309 3931 ceterae
1333 3866 1427 3933 Pauli
1454 3869 1612 3951 epistolae
1636 3871 1733 3935 nobis
1759 3871 1898 3953 praebe-

484 3979 556 4037 rent
581 3977 614 4035 et
639 3973 731 4037 nullo
756 3970 858 4035 modo
884 3971 918 4033 in
940 3970 1034 4036 Pauli
1049 3952 1150 4033 vitam
1173 3969 1254 4035 alias
1281 3970 1377 4033 nobis
1404 3978 1517 4035 notam
1541 3972 1641 4037 inseri
1668 3980 1823 4056 possent,
1848 3976 1898 4040 al-

482 4082 533 4140 tor
559 4075 637 4156 quia
662 4073 820 4157 epistolae
842 4076 974 4156 praeter
997 4073 1081 4136 baec
1105 4076 1299 4153 argumenta
1325 4073 1423 4137 etiam
1444 4077 1548 4140 malta
1571 4076 1638 4141 alia
1654 4094 1898 4145 commemora·

483 4183 565 4252 rent,
589 4194 675 4259 quac
700 4176 804 4243 Paulo
823 4192 879 4241 eas
905 4174 1083 4241 attribuere
1109 4191 1171 4239 noa
1196 4178 1363 4253 vetarent,
1401 4195 1432 4241 v.
1456 4197 1486 4243 c.
1511 4179 1663 4244 doctores
1690 4179 1810 4258 salsos,
1846 4183 1897 4246 in-

482 4281 594 4351 stituta
616 4279 837 4346 ecclesiastica
860 4278 1130 4352 diaconissarum,
1156 4279 1399 4359 episcoporum,
1424 4298 1510 4360 quae
1536 4283 1649 4347 omnia
1673 4282 1809 4351 indubia
1823 4302 1899 4350 cer·

483 4390 583 4465 taque
608 4383 742 4449 serioris
763 4380 921 4464 temporis
943 4382 1038 4462 signa
1062 4398 1143 4463 prae
1166 4397 1202 4445 se
1229 4379 1361 4446 terrent
1413 4380 1540 4462 Quibus
1567 4386 1764 4453 contradixit
1784 4386 1898 4452 Schott

483 4488 517 4550 in
534 4487 668 4567 isagoga
689 4486 873 4551 historico·
883 4485 997 4550 critica
1013 4485 1047 4549 in
1064 4484 1167 4548 libros
1182 4483 1267 4548 Nori
1281 4482 1439 4550 Foederis
1459 4504 1572 4552 sacros
1586 4487 1689 4553 Jenac
1707 4481 1807 4557 1830
1821 4508 1895 4572 pag.

483 4580 724 4666 tac—328,
757 4589 813 4669 qui
849 4589 1003 4670 epistolas
1037 4586 1079 4651 ab
1118 4587 1290 4662 omnibus,
1322 4604 1408 4670 quac
1434 4589 1567 4671 ingenio
1591 4596 1624 4657 et
1646 4609 1731 4658 aevo
1760 4594 1896 4674 paulino

482 4692 589 4759 aliena
612 4696 737 4771 essent,
758 4691 920 4756 immunes
947 4708 1018 4756 esse
1043 4688 1220 4769 contendit,
1245 4689 1457 4758 nibilominus
1480 4699 1589 4760 tamen
1618 4712 1720 4777 quum
1740 4694 1898 4760 nonnulla
