4350 5586
1075 483 1113 544 14

388 663 476 747 qnod
515 660 703 734 Timotheus
748 657 869 742 Ephesi
906 676 973 723 non
1008 660 1139 724 relictus
1175 660 1236 735 sit,
1284 661 1405 726 Pantus
1449 680 1527 726 mox
1568 676 1604 722 se
1637 659 1803 741 Ephesum
1905 645 1911 653 ’

387 782 594 832 reversurum
640 779 774 844 sperare
817 778 885 826 non
924 763 1085 843 potuerit,
1132 763 1284 828 doctores
1328 765 1401 829 taisi
1445 771 1514 829 tum
1557 761 1704 827 nondum
1743 761 1804 824 ad-

387 870 507 943 fuerint
538 872 569 932 et
593 862 773 931 secundum
801 880 950 945 eaquae
977 865 1016 928 de
1042 870 1127 930 statu
1154 866 1312 930 ecciesiae
1339 868 1534 944 dictasint,
1568 865 1694 947 Jamdiu
1722 882 1804 928 con-

386 975 496 1038 stituta
522 986 594 1034 esse
619 957 772 1050 putanda
787 967 829 1029 sit
854 967 966 1044 atteri,
996 968 1088 1032 atteri
1115 985 1196 1034 vero
1218 969 1372 1049 jnventus
1399 969 1559 1034 Timothei
1587 976 1618 1033 et
1644 985 1804 1050 propera-

387 1083 437 1141 tus
469 1078 604 1157 propter
622 1139 623 1142 ,
638 1086 711 1133 eam
743 1072 927 1151 statumque
962 1071 1119 1136 ecclesiae
1149 1070 1271 1137 reditus
1306 1090 1326 1136 a
1359 1072 1463 1137 Panto
1490 1074 1651 1152 flagitatus
1685 1077 1719 1134 et
1742 1087 1803 1151 pro

386 1176 575 1244 necessario
610 1172 739 1237 habitus
776 1176 976 1254 repugnent3
1010 1175 1119 1256 itaque
1154 1174 1280 1239 nultum
1315 1176 1424 1239 locum
1461 1177 1620 1258 epistotae
1653 1175 1685 1238 in
1712 1172 1804 1236 Pauli

388 1283 454 1346 vita
479 1275 619 1343 inveniri
645 1292 741 1356 posse
766 1273 852 1339 dicit.
1017 1350 1019 1357 ⁴
1664 1328 1668 1336 ,

501 1374 534 1446 7.
586 1357 779 1442 Neudeoher
800 1384 832 1442 et
858 1377 1051 1442 sententiam
1078 1378 1232 1461 scriptam
1258 1395 1331 1443 esse
1356 1380 1529 1461 epistotam
1555 1378 1701 1444 aPanto
1726 1395 1804 1441 mox

387 1491 462 1569 post
487 1482 656 1555 fundatam
681 1480 802 1562 Ephesi
829 1481 1002 1545 ecetesiam
1023 1481 1056 1544 in
1082 1481 1312 1546 Macedoniam
1338 1483 1505 1563 protecto,
1535 1489 1569 1546 ut
1594 1482 1690 1562 ptane
1717 1481 1805 1546 arhi-

387 1587 543 1661 trariam‚
574 1592 606 1647 et
636 1585 847 1662 sententiam,
881 1585 1036 1664 scriptam
1068 1601 1140 1647 esse
1176 1584 1347 1667 epistotam
1382 1603 1401 1649 a
1432 1586 1536 1649 Paulo
1571 1585 1726 1648 redeunte
1763 1601 1805 1646 ex

388 1691 513 1772 Achaja
538 1688 571 1751 in
596 1686 836 1761 Macedoniam,
863 1693 919 1751 aut
945 1686 1057 1752 retictn
1083 1686 1215 1770 Epheso
1240 1692 1310 1752 Act
1335 1687 1407 1764 XX,
1436 1684 1468 1752 l.
1494 1694 1529 1752 ut
1547 1690 1703 1752 Actorum
1720 1704 1805 1750 nar-

389 1793 509 1859 rationi
541 1795 760 1873 repugnantes
794 1796 826 1857 et
848 1790 1042 1854 sententiam
1065 1790 1099 1854 in
1125 1791 1310 1873 captivitate
1331 1792 1535 1855 caesareensi
1562 1795 1617 1854 aut
1638 1793 1713 1871 post
1738 1790 1806 1870 pri-

390 1914 478 1963 mam
502 1895 722 1976 captivitatem
748 1909 919 1957 romanam
948 1893 1121 1974 epistotam
1147 1910 1218 1957 esse
1240 1893 1394 1974 scriptam
1420 1895 1540 1978 rejicit,
1573 1899 1671 1975 atque
1705 1909 1805 1974 quum

390 2017 504 2066 omnes
534 1998 596 2062 hae
625 1996 804 2060 sententiae
835 1994 1077 2060 difficultatibus
1104 1996 1279 2079 impeditae
1305 1996 1446 2077 ideoque
1470 1997 1707 2079 improbandae
1733 1996 1806 2069 sint,

389 2099 694 2169 Schteiermachero
728 2098 909 2162 adsentitur
934 2104 966 2162 et
992 2099 1117 2162 unitum
1145 2100 1303 2180 epistotae
1329 2100 1363 2162 in
1388 2100 1482 2164 Pauti
1508 2102 1574 2164 vita
1598 2101 1708 2164 iocum
1735 2115 1807 2161 esse

532 2222 541 2265 1

389 2204 696 2386 comengssusquam
723 2319 804 2383 quas
833 2301 930 2367 retuli
960 2302 1137 2368 sententias
1159 2319 1349 2367 recenseam
1375 2302 1631 2385 dijudicemque.
1666 2303 1807 2385 primum

390 2408 590 2474 monendum
616 2406 696 2469 mihi
721 2404 867 2482 videtur,
894 2405 1074 2469 secundum
1100 2405 1201 2470 verba
1226 2406 1384 2487 epistolae
1406 2407 1509 2488 ipsius
1532 2407 1576 2472 ad
1600 2406 1808 2470 Timotheum

389 2513 507 2586 solum,
533 2507 591 2574 sed
617 2526 685 2572 non
710 2507 752 2572 ad
779 2508 951 2572 ecclesiam
972 2525 1031 2572 seu
1056 2508 1264 2589 presbyteros
1291 2509 1441 2590 ephesios
1468 2511 1623 2592 scriptam
1647 2526 1718 2574 esse
1744 2526 1806 2590 pn-

389 2613 532 2683 tandam⁴
552 2618 583 2676 et
619 2613 715 2695 piane
740 2611 902 2676 assentior
927 2611 984 2687 iis,
1021 2627 1105 2691 quae
1133 2617 1248 2677 contra
1273 2612 1359 2677 hanc
1383 2613 1577 2678 sententiam
1601 2612 1806 2696 protulerunt

390 2716 671 2782 Schteiermacher
697 2718 729 2778 et
754 2714 934 2781 Eiehhorn.
983 2712 1066 2779 Tum
1093 2715 1119 2779 si
1146 2715 1233 2797 ipsas
1252 2715 1322 2797 jam
1348 2716 1433 2780 adeo
1456 2716 1649 2793 sententias,
1674 2720 1807 2798 propter

392 2837 441 2895 ea,
468 2836 552 2900 quae
579 2819 613 2882 in
642 2818 870 2882 dissertatione
895 2815 935 2880 de
960 2816 1063 2883 attera
1088 2818 1181 2882 Pauli
1213 2819 1399 2900 captivitate
1431 2821 1590 2903 exposui,
1624 2818 1806 2883 concedere

390 2939 458 2988 non
484 2939 635 3005 possum,
671 2915 843 3002 epistolam
865 2938 886 2986 a
910 2920 1014 2984 Panto
1040 2938 1082 2985 ex
1106 2921 1213 3003 prima
1239 2939 1323 3002 qnae
1346 2921 1464 2986 dicitur
1489 2923 1675 3004 captivitate
1698 2921 1807 2985 soluto

391 3026 544 3105 scriptam
568 3041 657 3097 esse,
687 3029 720 3090 et
744 3025 802 3089 itta
832 3025 1012 3099 sententia,
1047 3041 1113 3104 qua
1137 3024 1257 3088 Pautus
1282 3024 1413 3106 Epheso
1439 3026 1606 3109 protectus
1634 3025 1807 3107 epistotam

391 3129 559 3210 scripsisse
586 3127 719 3203 dicitur,
745 3132 793 3192 tot
815 3127 895 3191 mihi
916 3124 1158 3193 difficultatibus
1185 3129 1290 3208 premi
1313 3127 1461 3207 videtur,
1490 3135 1525 3193 ut
1550 3145 1612 3211 pro
1641 3146 1721 3192 vera
1746 3127 1807 3191 ha-

306 3271 310 3286 ‹
391 3234 471 3298 here
497 3248 571 3298 eam
596 3248 664 3294 non
691 3231 825 3311 possim.
889 3227 940 3293 nd
966 3227 1054 3308 quod
1081 3247 1148 3293 nou
1173 3229 1303 3309 quidem
1329 3249 1544 3297 commoveor
1565 3232 1721 3313 temporis
1749 3229 1808 3293 de·

392 3337 578 3419 scriptione,
605 3349 704 3415 uuam
731 3332 898 3399 Eiehhorn
919 3332 1064 3397 maxime
1089 3338 1121 3397 ot
1141 3330 1254 3397 Schott
1274 3335 1459 3412 attulerunt,
1484 3353 1586 3417 quum
1600 3334 1718 3399 falsam
1734 3350 1808 3397 eam
1842 3406 1847 3414 ,

393 3455 464 3504 esse
485 3440 554 3522 jam
578 3437 611 3500 in
631 3434 726 3501 Pauli
751 3436 818 3499 vita
844 3433 1028 3498 enarranda
1054 3434 1273 3510 ostenderim.
1303 3454 1366 3501 nec
1395 3444 1461 3502 tres
1494 3439 1546 3503 vel
1574 3438 1717 3519 quinque
1751 3435 1807 3499 sed

393 3540 507 3606 decem
538 3541 608 3605 tere
639 3555 769 3603 menses
795 3537 830 3601 in
854 3537 970 3601 itinere
996 3536 1127 3619 Epheso
1153 3557 1213 3620 per
1234 3537 1463 3605 Macedoniam
1491 3546 1523 3607 et
1547 3541 1705 3623 achajam
1731 3539 1809 3602 Phi-

393 3646 498 3726 lippos
532 3658 636 3724 usque
662 3641 749 3706 tacto
774 3640 911 3704 Panium
936 3643 1194 3728 consumpsisse,
1231 3659 1344 3707 verum
1378 3662 1532 3725 perversa
1566 3642 1683 3724 agendi
1714 3643 1809 3715 ratio,

393 3764 458 3828 uua
491 3746 553 3811 hac
587 3744 728 3826 probata
755 3743 916 3808 sententia
936 3742 1072 3810 ,Paulus
1106 3744 1312 3809 Timotheum
1344 3747 1443 3812 modo
1469 3747 1626 3811 ecclesiae
1656 3745 1814 3827 ephesiae,

393 3848 595 3931 praetectum
621 3847 692 3911 sine
719 3847 786 3913 utta
808 3863 908 3912 eausa
929 3846 971 3910 ad
997 3864 1032 3912 se
1056 3865 1230 3913 revocasse
1255 3846 1418 3931 putandus
1442 3855 1546 3925 esset,
1572 3855 1605 3913 et
1629 3866 1703 3931 spes
1729 3866 1811 3912 mox

392 3952 558 4035 Ephesum
582 3949 776 4027 revertendi,
803 3967 902 4030 quam
928 3966 969 4013 eo
993 3954 1140 4034 tempore
1166 3951 1286 4015 Pantus
1307 3952 1432 4018 habere
1454 3971 1523 4018 non
1542 3953 1657 4035 potuit,
1682 3970 1735 4016 me
1751 3969 1810 4015 co·

394 4061 489 4137 gunt,
520 4059 560 4126 ut
585 4053 626 4118 ah
654 4053 715 4117 hac
740 4053 901 4117 sententia
926 4052 1078 4118 recedam
1105 4058 1137 4118 et
1158 4057 1248 4118 recta
1274 4072 1355 4132 esse,
1383 4073 1467 4139 qnae
1492 4061 1608 4120 contra
1633 4072 1706 4120 eam
1730 4073 1810 4136 pro·
1849 4048 1850 4051 ’

338 4176 341 4182 ’
393 4161 460 4224 tata
486 4155 551 4221 sint
583 4154 790 4221 contendam.
848 4155 1005 4220 Perverse
1026 4161 1136 4221 autem
1162 4157 1232 4220 sine
1257 4158 1357 4223 dubio
1385 4160 1504 4241 egisset
1527 4158 1673 4236 Paulus,
1701 4159 1729 4222 si
1755 4158 1811 4222 Ti-

394 4260 563 4327 motheum
597 4278 617 4325 a
647 4276 785 4324 munere
812 4258 901 4339 qnod
926 4256 1047 4338 Ephesi
1073 4260 1104 4323 ei
1131 4258 1375 4336 demandasset,
1411 4268 1478 4327 tam
1512 4262 1578 4325 cito
1614 4266 1812 4336 revocasset,
1887 4297 1895 4308 ·

394 4381 495 4446 quum
528 4380 570 4427 eo
605 4367 754 4443 tempore
789 4362 870 4425 socii
897 4361 1098 4443 comitesque
1132 4363 1175 4428 nd
1198 4364 1397 4444 perficienda
1423 4366 1492 4447 ejus
1520 4364 1676 4429 mandata
1700 4363 1812 4428 idonei

395 4469 426 4531 ei
450 4483 517 4530 non
539 4466 708 4539 deessent;
742 4464 951 4529 Timotheum
977 4471 1086 4530 autem
1111 4472 1228 4547 sponte
1254 4474 1286 4530 et
1306 4468 1409 4531 invito
1435 4468 1540 4534 Pauto
1564 4468 1709 4532 officium
1734 4467 1811 4530 reii-

396 4570 504 4652 quisse
530 4572 586 4633 aut
611 4575 745 4649 propter
771 4572 894 4632 motum
920 4568 1058 4650 periculi
1083 4568 1251 4651 cujusdam
1279 4577 1334 4635 aut
1361 4572 1402 4635 ad
1428 4573 1527 4636 atiam
1558 4572 1731 4637 ecetesiam
1753 4587 1811 4633 cu·

396 4671 532 4738 randem
557 4669 633 4735 ideo
657 4670 737 4734 mihi
763 4670 953 4737 incredibile
979 4677 1045 4748 est,
1069 4672 1158 4753 qnod
1183 4672 1308 4737 nntium
1329 4674 1434 4757 majus
1457 4675 1603 4741 osticium
1630 4675 1659 4738 ei
1687 4672 1812 4753 iniungi
