4350 5586
1046 521 1084 583 15

355 703 461 785 potuit
488 716 588 783 quam
619 700 758 766 ecclesia
784 699 918 782 ephesia
944 707 1012 764 tum
1030 700 1101 781 jam
1126 690 1274 764 maxima
1296 699 1554 768 administranda
1581 711 1612 769 et
1640 706 1727 786 quod
1753 725 1773 772 a

353 806 440 870 fideli
468 805 537 887 ejus
558 803 671 870 animo
697 805 869 880 abhorret,
905 802 1135 885 derelinquere
1164 820 1207 866 ex
1226 807 1315 867 melu
1341 803 1506 884 osticium,
1549 825 1649 889 quum
1674 809 1771 873 etiam

354 909 468 974 mortis
497 907 644 988 periculo
676 907 718 972 ad
748 906 886 970 Paulum
913 908 1056 971 amicum
1087 907 1212 971 Romae
1238 906 1403 988 captivum
1430 910 1556 974 veniret
1581 910 1771 994 intrepidus.

353 1012 452 1095 Spem
479 1015 587 1074 autem
611 1011 777 1093 Ephesum
803 1027 884 1074 mox
905 1008 1090 1075 revertendi
1115 1008 1236 1073 Paulus
1270 1008 1393 1073 hahere
1424 1026 1493 1074 uon
1524 1015 1647 1095 potuit,
1684 1015 1778 1094 quod·

354 1124 422 1179 turn
448 1113 510 1177 sihi
533 1118 763 1196 proposuerat,
788 1119 824 1177 ut
840 1114 969 1193 longius
992 1112 1127 1193 aliquod
1143 1117 1271 1192 tempus
1289 1108 1436 1177 Corinthi
1455 1122 1612 1195 maneret,
1639 1117 1772 1198 quando

353 1238 395 1282 eo
421 1217 622 1299 pervenisset
647 1218 670 1281 l.
698 1214 774 1280 Cor.
799 1216 882 1289 xvi,
908 1209 942 1281 7.
1007 1213 1131 1281 Omnes
1157 1214 1227 1279 lere
1249 1214 1456 1280 difficultates
1482 1225 1593 1283 autem
1615 1236 1776 1284 amoven-

353 1328 422 1397 tur,
457 1320 482 1382 si
516 1321 690 1402 epistolam
713 1320 747 1382 in
776 1337 816 1384 eo
844 1318 977 1396 itinere,
1014 1317 1102 1399 quod
1126 1321 1160 1381 ut
1184 1320 1218 1382 in
1245 1317 1337 1382 Pauli
1363 1317 1429 1382 vita
1455 1322 1620 1387 narranda
1646 1310 1773 1387 ostendi

354 1440 395 1487 eo
420 1429 587 1505 tempore,
623 1441 689 1504 quo
715 1420 838 1503 Ephesi
861 1426 950 1499 erat,
981 1417 1176 1485 Corinthum
1204 1420 1299 1497 lecit,
1325 1423 1480 1502 scriptam
1507 1442 1578 1489 esse
1600 1426 1773 1508 ponimus;
1866 1450 1870 1453 ·

354 1533 422 1590 tum
455 1525 541 1589 enim
575 1526 696 1591 Patulus
721 1523 853 1612 Epheso
880 1527 914 1589 in
939 1523 1170 1588 Macedoniam
1196 1524 1361 1613 profectus
1383 1524 1540 1605 juvenem
1567 1528 1774 1594 Timotheum

353 1631 397 1693 ihi
420 1630 605 1711 relinquere
629 1629 671 1694 ad
698 1626 877 1706 regendam
909 1627 1081 1692 ecclesiam
1109 1627 1182 1709 ipso
1209 1627 1362 1705 ahsente,
1396 1631 1462 1690 lum
1495 1631 1686 1696 Timotheus
1718 1650 1773 1696 re-

352 1740 464 1797 center
494 1733 527 1795 in
558 1732 651 1797 Pauli
684 1731 876 1795 societatem
898 1734 1053 1813 receptus
1077 1730 1230 1794 omnihus
1258 1748 1342 1811 quae
1367 1735 1477 1795 nostra
1503 1734 1642 1815 epistola
1667 1735 1776 1798 conti-⁴

353 1842 408 1901 net
432 1836 616 1917 praeceptis
643 1851 751 1913 egere,
780 1840 848 1898 lum
875 1833 1016 1914 denique
1040 1832 1162 1898 Paulus
1189 1850 1268 1897 mox
1295 1832 1459 1916 Ephesum
1480 1838 1664 1901 revertendi
1680 1853 1774 1920 spem

353 1938 475 2002 hahere
500 1940 616 2020 potuit.
675 1935 798 2001 Contra
824 1938 911 2001 hanc
937 1953 1017 2001 vero
1044 1935 1240 2001 sententiam
1266 1953 1332 2000 non
1360 1936 1449 2016 quod
1474 1937 1642 2003 Eichhorn
1670 1940 1774 2004 voluit

354 2041 557 2106 afferendum
573 2047 631 2116 est,
658 2040 719 2104 iter
741 2039 822 2104 illud
843 2057 911 2104 non
934 2040 1061 2104 narrari
1088 2041 1120 2102 in
1137 2044 1226 2114 Act.;
1252 2056 1329 2102 nam
1352 2039 1414 2104 illis
1438 2059 1511 2105 cum
1536 2041 1628 2106 Pauli
1649 2043 1773 2124 episto-

353 2146 391 2208 lis
416 2145 561 2209 maxime
586 2144 624 2208 ll.
649 2142 725 2208 Cor.
750 2142 806 2220 Xl,
835 2134 881 2206 22
909 2160 991 2224 sqq,
1018 2141 1090 2207 Gal.
1117 2142 1141 2220 l,
1166 2135 1214 2207 17
1238 2158 1321 2224 sqq,
1348 2143 1443 2207 Rom.
1468 2144 1535 2219 XV,
1567 2138 1613 2210 19
1635 2162 1772 2227 compa·

353 2247 431 2312 ratis
467 2253 622 2330 apparet,
657 2246 775 2310 mullas
807 2245 901 2310 Pauli
932 2264 984 2310 res
1017 2249 1124 2326 gestas
1156 2243 1278 2309 Lucam
1304 2231 1336 2308 i'n
1362 2251 1432 2310 Act.
1457 2247 1588 2311 silentio
1609 2239 1771 2313 omisisse.

355 2350 419 2415 Sed
447 2352 622 2433 quominus
649 2351 735 2414 hanc
756 2351 961 2427 sententiam,
987 2365 1086 2428 quam
1107 2345 1270 2412 Schrader
1292 2352 1324 2412 el
1344 2347 1505 2414 Wieseler
1520 2351 1664 2415 maxime
1680 2368 1773 2414 com-

353 2453 607 2530 mendaverunt,
645 2458 678 2517 et
703 2470 820 2518 reuera
843 2453 921 2517 satis
946 2451 1158 2515 verisimilem
1183 2452 1347 2528 lecerunt,
1376 2453 1571 2533 amplectar,
1605 2455 1681 2519 loco
1704 2457 1786 2518 Act:

355 2553 437 2633 XX,
473 2549 521 2623 29
557 2555 755 2639 prohibeor,
785 2572 852 2635 quo
885 2555 1006 2620 Paulus
1041 2554 1169 2619 verbis:
1202 2543 1328 2640 μετοὶ
1361 2544 1448 2636 τῆν
1481 2542 1650 2649 α’φίξιν
1687 2581 1772 2643 μου

356 2646 728 2731 εἶσελεύσονται
755 2643 864 2730 λύκοι
890 2648 1022 2754 βαρεῖς
1047 2681 1083 2730 κ.
1107 2680 1143 2728 τ.
1170 2652 1210 2729 λ.
1244 2662 1356 2738 aperte
1382 2675 1457 2722 mea
1483 2656 1616 2738 quidem
1640 2664 1772 2724 senten-

355 2763 400 2827 tia
432 2761 527 2838 dicit,
561 2762 603 2826 ad
637 2760 717 2826 illud
740 2778 843 2842 usque
870 2765 997 2842 tempus
1023 2756 1196 2825 ecclesiam
1218 2760 1386 2841 ephesiam
1412 2779 1432 2826 a
1458 2759 1547 2826 falsis
1573 2761 1774 2839 doctoribus,

356 2881 435 2930 mox
470 2864 603 2946 quidem
636 2865 801 2940 venturis,
832 2863 980 2929 nondum
1006 2881 1078 2927 esso
1104 2864 1267 2928 turhatam
1292 2867 1390 2945 atque
1417 2881 1517 2946 quum
1544 2856 1587 2929 ex
1614 2865 1663 2930 his
1690 2851 1772 2947 apo-

353 2968 428 3033 stoli
461 2969 588 3046 verbis,
618 2986 703 3051 quac
729 2966 832 3030 Lucas
854 2967 925 3048 ipse
951 2967 1075 3030 audivit
1098 2971 1130 3030 el
1154 2966 1226 3029 sine
1249 2965 1350 3030 duhio
1376 2965 1516 3031 fideliler
1541 2968 1701 3032 memoria
1724 2972 1773 3032 te-

354 3072 425 3136 nuit
448 3073 610 3153 nohisquc
637 3069 785 3146 tradidit,
819 3075 977 3152 appareat
1009 3069 1218 3133 Timotheum
1249 3072 1325 3133 ante
1350 3067 1430 3132 illud
1457 3075 1585 3151 tempus
1610 3070 1652 3135 ad
1678 3087 1773 3135 coer-

354 3174 476 3239 cendos
502 3175 603 3240 falsos
627 3174 779 3238 doctores
807 3174 956 3238 relictum
983 3190 1140 3238 essenon
1168 3188 1274 3253 posse,
1302 3173 1562 3254 praecipuusque
1574 3173 1647 3238 finis
1662 3174 1773 3254 igitur,

355 3295 452 3358 quem
478 3279 617 3360 epistola
639 3281 752 3341 nostra
771 3293 851 3357 prae
875 3293 911 3340 se
937 3276 1040 3354 ierat,
1072 3279 1180 3340 certae
1205 3275 1363 3339 historiae
1395 3280 1573 3357 repugnet,
1605 3266 1782 3352 latendum

354 3381 434 3445 mihi
467 3386 534 3456 est,
570 3385 701 3444 nostrae
730 3378 889 3460 epistolae
916 3379 1023 3443 locum
1052 3381 1085 3443 in
1111 3378 1204 3442 Pauli
1232 3377 1298 3442 vita
1324 3379 1422 3444 etiam
1448 3396 1501 3442 me
1527 3380 1671 3460 reperire
1704 3397 1771 3444 non

355 3500 470 3564 posse,
504 3485 565 3548 nisi
600 3488 757 3548 Actorum
791 3483 888 3547 iidem
915 3483 1106 3548 historicam
1137 3481 1288 3564 inhujus
1314 3486 1402 3546 certe
1429 3482 1587 3546 orationis
1613 3483 1773 3547 relatione

243 3585 246 3588 ⁴
354 3587 546 3668 impugnare
578 3587 657 3667 quin
691 3587 794 3649 immo
826 3588 942 3651 tollere
970 3586 1154 3650 maluerim.
1222 3583 1272 3648 hd
1306 3584 1396 3665 quod
1428 3602 1529 3667 quum
1563 3602 1604 3649 ne
1633 3585 1773 3651 minima

354 3689 485 3769 quidem
500 3707 601 3756 causa
618 3689 809 3770 compellar,
831 3690 956 3754 nnllam
978 3689 1087 3765 aliam,
1114 3702 1213 3768 quam
1239 3686 1367 3767 collegi,
1392 3704 1435 3752 ex
1458 3687 1685 3769 disquisitione
1712 3707 1771 3753 an·

355 3793 512 3858 tecedcnti
537 3810 700 3858 summam
726 3791 881 3873 colligere
905 3808 1050 3875 possum.

575 4042 603 4110 s.
625 4034 654 4100 4.
699 4035 745 4098 Ile
767 4021 924 4115 tempore,
954 4052 1015 4116 quo
1039 4033 1166 4116 epistola
1189 4030 1226 4097 ad
1248 4030 1345 4094 Titum
1368 4031 1549 4111 scriptasit.

416 4225 418 4227 ’
466 4209 613 4294 Epistola
639 4211 681 4276 ad
701 4208 963 4276 constituendum
988 4213 1135 4290 tempus,
1170 4225 1235 4289 quo
1271 4207 1391 4289 scripta
1424 4212 1490 4285 est,
1512 4208 1609 4284 ,haec
1636 4208 1773 4290 praehet

356 4311 485 4378 indicia.
535 4314 656 4380 Paulus
682 4332 757 4378 cum
782 4315 856 4379 Tito
882 4313 916 4376 in
937 4311 1034 4377 Creta
1053 4311 1162 4375 insula
1180 4310 1387 4391 evangelium
1403 4309 1649 4391 praedicaverat
1671 4304 1705 4396 (l,
1723 4303 1782 4396 5),

355 4416 469 4480 relicto
495 4418 617 4494 comiti,
638 4419 691 4482 cui
716 4417 875 4482 ccclesiae
900 4412 1148 4480 constituendae
1172 4431 1286 4480 curam
1311 4412 1529 4492 demandavit,
1556 4415 1704 4496 imperat,
1738 4419 1773 4475 ut

232 4571 235 4577 .
355 4519 538 4601 Apollinem
576 4526 609 4584 et
642 4521 763 4585 henam
798 4517 992 4584 necessariis
1018 4517 1194 4581 instrueret
1224 4523 1258 4581 et
1289 4515 1390 4581 misso
1423 4517 1465 4581 ad
1500 4519 1606 4600 ipsum
1637 4519 1770 4581 Artema

355 4625 412 4686 aut
437 4622 579 4703 Tychico
607 4617 680 4719 (ill,
708 4614 783 4710 13),
817 4636 916 4704 quam
944 4620 1115 4686 celerrime
1142 4620 1184 4685 ad
1209 4620 1348 4684 Paulum
1369 4622 1512 4697 veniret,
1539 4622 1594 4719 qui
1620 4619 1770 4700 Nicopoli

355 4726 501 4791 hicmare
544 4725 727 4791 constitnit:
774 4741 816 4789 ex
850 4726 968 4808 quihus
1010 4723 1176 4806 sequitur,
1199 4722 1347 4789 'Paulum
1378 4728 1455 4788 lunc
1488 4722 1587 4788 luisse
1620 4722 1770 4798 liberum,
