4350 5586
1077 506 1082 530 ¹
1180 487 1201 550 6

481 667 649 745 cenamus,
675 663 759 746 Galo
786 667 818 728 et
839 663 1015 730 Timotheo
1040 661 1211 741 Derbaeis,
1238 664 1381 746 Tycbieo
1407 669 1439 729 et
1463 666 1645 748 Trophimo
1673 664 1824 728 Asiaticis
1851 668 1901 729 at·

482 789 546 854 que
571 769 659 835 Luca
685 768 826 851 primum
852 765 1018 832 Troadem
1041 767 1132 831 venit
1157 765 1275 832 deinde
1309 785 1370 850 per
1402 772 1521 832 Assum
1546 768 1753 849 mytilenem,
1784 765 1902 834 Chium

483 881 515 940 et
546 872 682 940 Samum
713 871 880 952 proiectus
913 869 1063 935 Miletum
1090 871 1204 952 attigit,
1240 887 1307 952 quo
1333 870 1542 952 presbyteros
1566 870 1724 941 ecclesiae
1747 871 1901 953 ephesiae

482 983 618 1043 vocatos
644 973 836 1056 gravissime
862 974 1079 1050 commonuit,
1100 979 1136 1038 ut
1156 974 1294 1039 tirmiter
1318 973 1442 1038 iulide
1470 974 1547 1055 ipsis
1571 974 1693 1040 vtradita
1718 979 1903 1055 perstarent

481 1087 514 1145 et
539 1098 559 1144 a
585 1097 620 1144 se
648 1082 680 1142 et
701 1077 744 1142 ab
770 1075 910 1140 eeclesia
934 1076 1036 1141 falsos
1058 1076 1222 1154 doctores,
1248 1077 1305 1158 qui
1323 1093 1404 1141 mox
1429 1077 1559 1141 venturi
1584 1082 1702 1153 essent,
1732 1075 1903 1158 diligenter
1982 1098 1985 1103 ·

481 1188 648 1258 arcerent,
681 1178 822 1260 denique
856 1196 915 1260 per
948 1178 1101 1244 Rhodum
1126 1185 1167 1244 et
1199 1180 1351 1244 Pataram
1378 1177 1487 1263 Cypro
1519 1180 1562 1244 ad
1593 1181 1758 1244 sinistram
1789 1180 1902 1244 relicta

481 1287 603 1367 Tyrum
631 1287 802 1366 pervectus
829 1285 896 1357 est,
922 1281 1010 1347 unde
1033 1284 1182 1364 quamvis
1208 1301 1308 1366 saepe
1334 1283 1578 1366 praemonitus,
1603 1300 1646 1349 ne
1672 1282 1903 1365 llierosclyma

481 1391 552 1465 iret,
577 1387 774 1455 Caesaream
801 1390 833 1448 et
857 1384 1087 1467 Hierosolyma
1112 1386 1201 1451 cirea
1219 1387 1338 1452 testum
1355 1392 1560 1469 pentecostes
1579 1385 1737 1468 pervenit.
1790 1384 1902 1454 Comi-

482 1499 573 1557 tera
601 1490 756 1554 iratribus
783 1493 934 1568 acceptus
960 1507 1041 1553 mcx
1066 1490 1101 1552 in
1129 1489 1440 1572 temploaediticne
1465 1489 1669 1555 ludaeorum
1695 1494 1821 1568 exorta,
1848 1490 1903 1571 qui

480 1595 620 1660 Paulum
645 1598 680 1657 nt
704 1592 784 1673 legis
810 1591 977 1656 mosaicae
1002 1592 1131 1657 hostem
1157 1594 1262 1669 exosi,
1288 1592 1439 1658 occidere
1465 1594 1668 1669 studuerunt,
1695 1607 1811 1656 eorum
1830 1609 1903 1656 ma·

481 1698 578 1764 nibus
604 1713 664 1778 per
688 1695 805 1759 milites
835 1710 992 1761 romanos
1016 1695 1074 1760 vix
1099 1701 1230 1777 ereptus
1255 1713 1368 1760 coram
1393 1697 1518 1778 populo
1545 1701 1577 1760 et
1601 1692 1756 1777 synedrio
1783 1695 1904 1760 trustra

481 1802 633 1879 oratione
664 1815 701 1863 se
735 1797 881 1861 defendit
914 1802 947 1862 et
976 1813 1060 1862 mox
1092 1804 1227 1881 propter
1248 1798 1451 1864 Judaccrum
1480 1795 1614 1864 insidias
1642 1797 1838 1863 Caesaream
1860 1798 1903 1862 ad

481 1904 623 1968 Felicem
655 1906 905 1984 procuratorem
936 1899 1094 1965 deductus
1127 1905 1186 1967 est
1242 1900 1349 1967 Etiam
1376 1919 1490 1966 coram
1516 1903 1573 1968 illo
1600 1902 1642 1966 ab
1669 1900 1822 1966 omnibus
1846 1918 1903 1966 ac-

482 2013 671 2073 cusatorum
697 2003 885 2087 opprobriis
910 2019 947 2069 se
974 2004 1136 2086 purgavit,
1159 2010 1268 2070 tamen
1292 2024 1351 2086 per
1374 2004 1458 2071 duos
1486 2021 1591 2070 annos
1619 2003 1768 2069 custodia
1789 2004 1903 2069 deten-

481 2115 533 2175 tus
559 2123 671 2174 coram
698 2107 795 2172 Festo
820 2105 937 2170 Felicis
962 2123 1154 2173 successore
1179 2107 1222 2174 ad
1247 2106 1423 2174 Caesarem
1446 2110 1639 2191 provocavit
1660 2112 1692 2172 et
1711 2107 1808 2172 simul
1828 2123 1906 2179 cum

482 2214 554 2278 aliis
589 2213 721 2277 ineunte
754 2210 862 2274 bieme
900 2227 932 2275 a.
955 2207 1021 2274 Lx.
1047 2211 1189 2276 Romam
1210 2212 1329 2276 missus
1356 2216 1415 2276 esi.
1465 2211 1613 2276 Primum
1635 2211 1769 2295 navigio
1797 2210 1902 2276 adra-

481 2320 628 2397 mytteno
654 2314 752 2379 Asiae
778 2329 855 2378 oras
877 2314 1281 2396 praetervectus,b1yram
1306 2313 1424 2394 Lyciae
1449 2315 1566 2380 urbem
1590 2314 1690 2391 venit,
1715 2312 1804 2378 unde
1826 2313 1904 2386 naui

482 2417 697 2485 alexandrina
721 2415 850 2480 ltaliam
876 2415 977 2499 petiit,
1002 2415 1060 2480 sed
1087 2423 1222 2500 propter
1247 2422 1382 2482 ventum
1403 2416 1579 2483 adversum
1604 2418 1747 2500 primum
1764 2416 1806 2481 ad
1824 2415 1904 2484 Cre-

481 2527 549 2588 tam
573 2521 662 2586 baud
686 2519 803 2601 procul
827 2518 870 2583 ab
896 2517 978 2582 urbe
995 2518 1120 2586 Lasaea
1142 2521 1270 2603 appulit
1292 2520 1434 2602 deniqne
1458 2527 1531 2603 post
1557 2521 1690 2602 longam
1712 2522 1746 2584 et
1771 2520 1901 2603 pericu·
2034 2525 2040 2528 “

481 2627 589 2690 losam
623 2622 868 2704 navigationem
900 2620 988 2703 apud
1015 2623 1156 2688 insulam
1180 2624 1328 2689 Melitam
1352 2624 1569 2705 naufragium
1586 2638 1761 2706 perpessus
1787 2628 1821 2690 et
1844 2623 1902 2687 vix
2008 2693 2010 2696 .

481 2734 630 2793 servatus
656 2728 706 2790 est
730 2726 840 2806 ibique
865 2724 976 2789 hieme
1001 2731 1183 2804 transacta,
1216 2744 1295 2792 vere
1318 2727 1452 2791 ineunte
1479 2744 1509 2792 a.
1528 2726 1608 2792 Lxl.
1634 2726 1775 2792 Romam
1801 2726 1900 2802 venit,

482 2831 540 2897 ubi
565 2848 626 2912 per
652 2828 735 2892 duos
767 2845 873 2894 annos
904 2829 984 2892 satis
1010 2830 1140 2895 liberali
1163 2847 1243 2894 usus
1269 2829 1419 2895 custodia
1440 2831 1649 2911 evangelium
1674 2828 1803 2908 docuit,
1840 2828 1901 2892 sed

482 2938 598 3018 postea
631 2932 771 2997 tortasse
804 2930 980 3013 Poppaeae
1008 2917 1211 2999 ludaeorum
1236 2933 1383 2998 fautricis
1404 2934 1568 3016 impulsu,
1600 2936 1658 2997 aut
1688 2932 1789 3015 paulo
1824 2936 1899 2996 ante

482 3037 743 3105 Christianorum
768 3036 1029 3117 persecutionem
1051 3053 1073 3101 a
1092 3037 1224 3103 Nerone
1250 3037 1435 3122 excitatam,
1461 3037 1577 3102 autin
1603 3035 1665 3099 hac
1690 3036 1762 3118 ipsa
1787 3034 1902 3116 eapitis

482 3142 654 3206 damnatus
680 3144 714 3202 et
738 3137 900 3219 supplicio
924 3137 1061 3204 auectus
1087 3145 1137 3205 est
1157 3156 1189 3204 a.
1215 3156 1247 3221 p.
1274 3137 1350 3205 Chr.
1375 3138 1453 3205 Llll.
1512 3137 1588 3218 Qua
1614 3155 1715 3220 quum
1740 3138 1902 3202 sententia

481 3243 650 3327 permultis
680 3240 759 3306 viris
794 3241 989 3306 doctissimis
1012 3243 1068 3323 qui
1094 3245 1233 3309 alteram
1255 3243 1382 3309 Romae
1409 3242 1630 3325 captivitatem
1654 3240 1794 3306 Paulum
1820 3240 1900 3305 sub·

481 3347 558 3412 iisse
585 3345 802 3423 arbitrantur,
832 3344 1108 3425 contradixerim,
1132 3363 1242 3411 meam
1264 3346 1469 3424 sententiam,
1493 3363 1594 3428 quam
1621 3345 1813 3411 brevissime
1838 3361 1900 3425 po-

481 3457 564 3527 tero,
585 3448 785 3528 argumentis
811 3447 930 3511 tuebor
942 3443 977 3535 't

696 3650 725 3716 ς.
749 3644 779 3708 2.
822 3642 869 3708 De
895 3643 992 3708 altera
1014 3661 1095 3726 quae
1117 3643 1227 3709 dieitur
1248 3645 1421 3726 captivitate
1445 3645 1527 3709 Pauli
1549 3662 1685 3709 romana.

593 3794 631 3858 ln
666 3793 877 3874 quaestione,
909 3793 951 3858 ad
982 3812 1081 3875 qnam
1116 3811 1188 3859 snm
1214 3795 1286 3878 jam
1315 3794 1479 3869 aditurus,
1512 3793 1573 3857 tria
1607 3797 1645 3859 ut
1667 3791 1748 3856 mihi
1775 3789 1902 3854 videtur

481 3901 751 3978 argrrmentcrum
776 3912 900 3977 genera
924 3902 1000 3962 sunt
1022 3897 1260 3978 distinguenda,
1286 3913 1428 3978 qnorum
1454 3894 1802 3979 primumtestimcnia
1818 3892 1900 3957 scri-

481 4003 612 4083 ptorum
634 4005 783 4064 veterum
802 4001 1039 4080 complectitur,
1064 4001 1246 4066 secundnm
1271 4004 1464 4081 argumenta
1489 4016 1533 4064 ex
1555 3996 1823 4082 interpretatione
1850 3998 1901 4060 lo-

481 4119 597 4168 cornm
622 4100 660 4167 N.
683 4103 723 4168 T.
746 4102 892 4167 maxime
917 4102 1011 4186 epist.
1036 4102 1066 4168 11
1091 4102 1133 4168 ad
1149 4104 1231 4168 Tim.
1249 4103 1367 4186 petila,
1389 4103 1521 4167 tertium
1546 4101 1689 4183 denique
1707 4105 1901 4182 argumenta

481 4205 720 4288 probabilitatis
755 4206 910 4271 continet.
973 4204 1084 4285 Quum
1119 4207 1201 4272 haec
1239 4205 1389 4289 quaestio
1424 4205 1535 4287 magni
1568 4204 1727 4270 momenti
1764 4204 1798 4267 in
1832 4208 1901 4267 tota

482 4310 758 4374 commentatione
790 4310 870 4374 mihi
902 4309 959 4385 sit,
994 4314 1187 4374 excusatum
1209 4327 1263 4374 me
1286 4310 1358 4375 iore
1384 4326 1500 4391 spero,
1528 4309 1556 4373 si
1580 4308 1713 4373 uberius
1739 4325 1810 4372 rem
1832 4311 1900 4370 tra-

483 4412 650 4478 ctaverim.

867 4543 936 4552 ...-

568 4597 605 4670 ⁴)
630 4597 658 4655 ln
681 4596 864 4668 computando
885 4602 1020 4669 tempora,
1041 4609 1097 4666 quc
1118 4593 1225 4667 singula
1250 4610 1320 4666 quae
1339 4591 1548 4650 commemoravi
1569 4593 1731 4662 incusant,
1752 4589 1832 4663 plane
1847 4579 1901 4643 se·

484 4692 562 4743 catus
583 4700 643 4743 scm
664 4682 846 4742 Wiesclerem
869 4681 925 4743 rid.
945 4678 1134 4754 chronologis
1157 4681 1206 4738 des
1228 4681 1347 4753 apostol
1369 4680 1510 4741 Zeitslters
1530 4697 1594 4753 pag.
1618 4679 1792 4736 21-128.
