4350 5586
1088 417 1130 482 48

941 607 965 647 c.
1010 592 1050 648 lle
1070 591 1219 665 discipline.

491 721 540 787 De
563 721 626 784 hac
650 734 686 781 re
713 718 805 782 locus
829 715 983 797 spinosus
1009 718 1033 782 l.
1054 718 1136 783 Tim.
1154 719 1178 796 l,
1200 708 1249 783 20
1266 715 1557 782 Schleiermacherl
1572 719 1794 799 suspicionem
1897 734 1900 739 “

373 826 485 891 movit.
536 825 703 902 lugentem
728 819 817 883 enim
843 818 1027 899 levitatem,
1058 838 1123 902 qua
1149 821 1203 887 hic
1229 821 1527 885 excommunicatio
1554 821 1734 903 Hymenaei
1760 831 1793 888 et

372 927 551 996 Alexandri
575 920 787 1006 pronunciari
814 921 958 1000 videtur,
986 941 1086 1006 quum
1113 929 1320 1007 compararet
1344 941 1419 988 cum
1446 924 1613 989 horrenda
1636 926 1692 990 illa
1719 943 1795 1007 gra·

373 1034 490 1108 vitate,
529 1046 594 1112 qua
619 1027 740 1092 Paulus
767 1026 800 1090 in
830 1043 866 1090 rc
891 1026 989 1092 simili
1014 1033 1129 1092 contra
1155 1029 1247 1093 illum
1273 1024 1479 1092 Corinthium
1502 1030 1566 1107 egit
1594 1023 1628 1114 (l.
1654 1027 1730 1094 Cor.
1755 1031 1793 1107 V,

374 1128 508 1220 sapa),
531 1134 738 1212 aliquatenus
761 1129 793 1193 ei
816 1146 836 1193 a
861 1129 954 1194 Pauli
977 1135 1009 1194 et
1035 1131 1193 1195 ecciesiae
1220 1131 1421 1212 apostolicae
1447 1147 1541 1195 more
1567 1131 1721 1197 recedere
1739 1133 1796 1198 illa
1832 1206 1835 1213 ,

374 1239 445 1303 visa
473 1232 531 1302 est.
582 1233 671 1298 Baur
695 1235 805 1299 autem
831 1231 945 1297 odium
968 1234 1219 1311 haereticorum,
1247 1251 1313 1316 quo
1339 1238 1455 1316 postea
1482 1233 1670 1299 orthodoxa
1688 1236 1796 1300 eccle-

375 1343 424 1406 sia
450 1338 657 1418 flagraverit,
688 1340 721 1399 et
755 1336 788 1398 in
823 1336 993 1417 vituperiis
1020 1337 1267 1403 contumeliosis
1295 1334 1329 1422 (l.
1355 1337 1438 1401 Tim.
1461 1336 1513 1414 lv,
1534 1327 1568 1424 2)
1592 1338 1660 1401 istis
1687 1339 1798 1415 illatis,

375 1450 408 1509 et
433 1443 466 1507 in
492 1443 669 1523 praecepto
698 1438 771 1503 Tito
801 1437 879 1502 dato
906 1435 969 1526 (ΙΙΙ,
996 1432 1030 1525 6)
1062 1445 1097 1504 ut
1123 1446 1198 1523 post
1223 1455 1322 1503 uuam
1350 1440 1553 1521 alienamque
1578 1442 1795 1506 monitionem

376 1545 576 1610 haereticum
601 1544 769 1607 hominem
796 1539 982 1618 dimitteret,
1008 1543 1086 1606 satis
1111 1560 1277 1624 superque
1303 1541 1424 1618 videri,
1460 1548 1558 1623 atque
1584 1551 1795 1626 praecepium

374 1651 398 1713 l.
426 1649 508 1711 Tim.
536 1648 573 1724 ll,
597 1636 656 1721 22,
684 1661 725 1711 ne
753 1645 825 1725 quis
852 1645 945 1708 citius
971 1644 1132 1726 impositis
1158 1645 1309 1710 manibus
1335 1646 1369 1710 iu
1393 1646 1565 1710 ecclesiam
1583 1647 1795 1727 reciperetur,

376 1756 488 1833 aperte
512 1750 544 1814 in
569 1749 680 1830 lapsos
707 1747 899 1830 posterioris
926 1749 1082 1828 temporis
1107 1749 1356 1829 haereticosque
1383 1748 1501 1827 latum,
1531 1749 1704 1815 ostendere
1728 1757 1794 1832 quo

373 1860 523 1936 tempore
549 1852 689 1933 scriptae
714 1851 779 1915 sint
804 1850 962 1933 epistolae
988 1851 1165 1916 contendit.
1683 1935 1685 1939 ἢ

495 1953 788 2021 Schleiermacheri
814 1953 957 2035 objectio
991 1958 1059 2019 tum
1087 1959 1212 2019 tantum
1241 1958 1331 2017 recta
1368 1957 1505 2033 rataque
1538 1959 1642 2030 esset,
1673 1954 1708 2017 si·
1733 1972 1794 2036 pro

376 2065 466 2125 certo
493 2062 668 2134 constaret,
704 2056 815 2120 verbis
835 2056 899 2120 illis
926 2041 986 2128 oris
1010 2041 1216 2152 ereptione
1241 2053 1297 2152 τῷ
1318 2052 1474 2150 σατανᾷ
1499 2057 1719 2136 pronunciari>
1734 2076 1795 2123 cx·

375 2163 717 2237 communicationem,
741 2158 830 2240 quod
857 2159 884 2222 si
911 2163 1005 2235 esset,
1033 2177 1167 2243 prorsus
1193 2178 1211 2223 a
1233 2159 1326 2223 Pauli
1348 2175 1443 2222 more
1466 2158 1605 2224 intanta
1624 2177 1660 2224 re
1676 2160 1795 2241 agendi

377 2266 589 2338 abhorrerem
624 2262 682 2327 sed
705 2279 805 2344 quum
826 2262 934 2344 potius
954 2263 1078 2327 mentio
1095 2264 1137 2327 sit
1157 2263 1205 2327 rei
1220 2262 1394 2326 Timotheo
1408 2261 1478 2342 jam
1493 2268 1602 2339 uotae,
1624 2281 1667 2328 ex
1683 2266 1795 2328 animo

375 2375 464 2434 certe
491 2365 659 2448 scriptoris
680 2366 704 2429 l.
727 2365 819 2442 Tim,
842 2366 899 2430 illa
925 2367 1078 2445 gravitas,
1100 2383 1199 2447 quam
1225 2366 1258 2428 in
1284 2366 1310 2428 l.
1336 2362 1412 2429 Cor.
1429 2366 1621 2446 reperimus,
1647 2367 1796 2433 nonfuit

376 2472 574 2538 necessaria.
626 2468 739 2549 ltaque
766 2469 808 2532 ab
833 2467 898 2532 hoc
923 2468 1060 2534 crimine
1080 2467 1284 2532 liberandam
1303 2484 1376 2531 esse
1395 2469 1567 2548 epistolam
1586 2486 1706 2535 censeo
1729 2473 1794 2536 sic·

376 2579 412 2640 ut
438 2576 536 2639 etiam
569 2590 588 2636 a
622 2571 733 2635 Baurii
765 2571 1016 2652 objectionibus.
1073 2570 1156 2636 Nam
1183 2572 1285 2635 falsos
1316 2569 1469 2636 doctores
1495 2575 1561 2636 tam
1587 2573 1706 2639 acerbe
1733 2591 1796 2639 no·

376 2682 462 2743 latos
486 2683 517 2740 ct
539 2675 740 2757 vituperatos
770 2674 868 2739 etiam
894 2674 1038 2754 epistolis
1065 2692 1142 2739 vore
1173 2675 1314 2756 paulinis
1341 2674 1545 2751 invenimus,
1579 2678 1727 2756 quamvis
1762 2679 1794 2741 in

376 2787 490 2846 nostra
515 2777 691 2859 descriptio
716 2778 816 2859 paulo
843 2777 1075 2858 exaggeratior
1099 2778 1150 2855 sit,
1176 2782 1208 2842 et
1234 2777 1337 2842 multo
1372 2783 1460 2842 certe
1483 2778 1591 2842 acrius
1617 2779 1738 2845 Paulus
1760 2780 1795 2843 in

376 2884 478 2948 falsos
505 2880 696 2947 Galatarum
722 2879 885 2956 doctores,
911 2897 994 2961 quos
1020 2882 1118 2945 etiam
1145 2881 1287 2957 devovit,
1311 2880 1457 2945 invectus
1482 2886 1541 2956 est,
1565 2898 1663 2962 quam
1690 2882 1821 2963 egisse,

377 2987 505 3051 videtur
525 2989 702 3067 praecepto
729 2982 803 3048 Tito
830 2983 918 3058 dato,
943 2985 1033 3064 quod
1058 2984 1147 3048 Baur
1173 2983 1337 3048 immerito
1363 2984 1560 3066 vituperavit
1586 2991 1617 3049 et
1632 2987 1666 3050 in
1687 2987 1795 3067 suspi-

377 3091 506 3155 cionem
528 3087 669 3153 vocavit.
734 3084 798 3151 Sed
824 3087 858 3149 in
881 3086 1014 3165 ultimo,
1055 3086 1144 3168 quod
1175 3087 1230 3151 ille
1257 3086 1381 3163 attulit,
1414 3088 1514 3169 paulo
1541 3086 1643 3153 alium
1668 3105 1794 3153 morem

377 3193 544 3273 aliumque
570 3189 690 3272 agendi
712 3188 848 3253 modum
870 3188 982 3253 videre
1004 3190 1096 3266 licet,
1119 3206 1217 3271 quam
1245 3206 1311 3271 quo
1337 3206 1396 3253 usa
1423 3192 1472 3252 est
1496 3190 1634 3258 ecclesia
1659 3197 1796 3274 aposto·

283 3293 288 3301 ’
376 3296 458 3370 lica;
493 3294 579 3359 hanc
612 3293 699 3357 enim
724 3292 927 3374 baptismatis
953 3292 1226 3368 retardationem,
1257 3293 1391 3373 quael.
1418 3292 1500 3357 Tim.
1527 3293 1565 3368 V,
1591 3285 1639 3358 22
1662 3294 1796 3376 jubetur

376 3404 432 3464 aut
458 3401 544 3462 certe
568 3396 733 3474 suadetur,
758 3396 804 3460 ibi
830 3412 898 3459 nou
923 3396 1116 3476 reperimus,
1142 3413 1209 3477 quo
1230 3396 1326 3459 simul
1354 3394 1504 3474 declaro,
1526 3412 1580 3460 me
1604 3397 1716 3461 Banrii
1742 3415 1796 3462 rc-

378 3503 534 3566 lationem
560 3499 602 3564 ad
628 3500 740 3580 lapsos
766 3502 799 3562 et
823 3498 1017 3574 haereticos,
1043 3506 1141 3579 quam
1166 3503 1343 3582 praecepto
1369 3498 1499 3576 tribuit,
1521 3515 1575 3564 me
1601 3517 1672 3564 non
1697 3518 1796 3583 posse

378 3605 581 3686 approhare,
608 3603 729 3683 quippe
755 3619 840 3683 quae
864 3606 901 3665 ut
925 3601 1047 3665 multae
1073 3602 1157 3666 aliae
1181 3603 1373 3685 opiniones,
1400 3618 1482 3682 quas
1507 3602 1651 3668 refutare
1676 3604 1796 3682 studui,

378 3725 420 3770 cx
445 3706 530 3776 laisa
554 3706 713 3769 sententia
738 3705 824 3769 illius
847 3703 888 3769 de
915 3705 1041 3786 origine
1067 3705 1281 3788 epistolarum
1303 3703 1445 3770 oriunda
1471 3704 1521 3769 sit.

958 3943 983 3998 d.
1029 3942 1068 3998 lle
1090 3941 1195 3998 ritibus.

498 4102 603 4167 Unum
629 4100 738 4176 ritum,
761 4100 818 4181 qui
844 4099 877 4163 iu
904 4104 1017 4164 nostra
1043 4102 1182 4183 epistola
1208 4101 1302 4166 aliter
1324 4107 1493 4175 narratur,
1527 4106 1625 4181 atque
1648 4105 1681 4168 in
1708 4110 1796 4168 cete-

377 4205 422 4268 ris
448 4201 488 4268 N.
511 4203 547 4267 T.
574 4202 702 4284 scriptis
728 4207 762 4266 et
786 4202 931 4267 maxime
957 4201 989 4264 in
1015 4202 1054 4267 ll.
1081 4203 1164 4268 Tim.
1187 4221 1287 4286 supra
1311 4205 1586 4290 commemoravi,
1622 4223 1722 4286 quum
1756 4208 1797 4271 de

379 4305 576 4389 preshyteris
600 4306 703 4370 verba
729 4304 882 4381 lacerem,
905 4293 970 4386 'qul
993 4304 1017 4368 l.
1044 4306 1126 4372 Tim.
1150 4307 1201 4382 lv,
1232 4299 1279 4370 14
1303 4322 1465 4370 unacum
1492 4304 1597 4371 Paulo
1623 4308 1796 4375 Timotheo

376 4425 494 4475 manus
520 4410 715 4488 imposuisse
738 4415 771 4474 et
792 4409 955 4474 charisma
979 4408 1197 4489 impertivisse
1221 4409 1384 4482 dicuntur.
1408 4410 1448 4474 ll.
1475 4407 1556 4474 Tim.
1582 4405 1659 4485 l,h
1686 4420 1795 4479 autem

378 4514 499 4579 Paulus
533 4511 624 4575 solus
651 4512 734 4576 haec
767 4510 883 4577 iecisse
918 4510 1004 4574 dicit
1063 4511 1155 4575 llauc
1189 4510 1409 4577 diversitatem
1431 4518 1474 4578 et
1504 4513 1794 4581 contradictionem

377 4634 445 4680 non
468 4616 573 4680 levem
599 4630 671 4679 esse
697 4629 831 4678 causam
858 4613 1068 4679 dubitationis
1095 4614 1135 4678 dc
1155 4614 1180 4678 l.
1206 4614 1287 4678 Tim.
1315 4616 1482 4683 authentia
1508 4618 1528 4680 l.
1555 4618 1576 4681 l.
1599 4618 1695 4682 simul
1716 4617 1794 4682 dixi.
