4350 5586
1094 499 1136 564 28

406 684 458 748 les
484 699 534 747 res
557 679 742 745 necessario
767 675 927 740 similibus
954 675 1061 738 verbis
1081 684 1225 753 enarret.
1253 680 1329 760 quia
1352 678 1492 762 denique
1518 682 1607 746 nulla
1633 699 1733 746 causa
1751 683 1823 747 tulis

410 784 648 866 compilationis
675 788 706 847 et
731 778 964 862 suppositionis
986 777 1124 844 inveniri
1150 787 1182 844 et
1204 782 1296 846 nullo
1323 782 1423 846 modo
1449 784 1586 864 eogitari
1611 785 1731 865 possit,
1757 803 1824 866 qua

411 889 537 953 ratione
568 888 707 966 scriptor
740 889 787 945 tot
818 899 871 946 res
907 880 1088 962 peculiares
1122 884 1250 948 noverit
1283 888 1314 948 et
1351 886 1496 950 retulerit
1529 892 1562 950 et
1586 892 1653 951 mur
1672 872 1822 952 ¹feliciter

410 992 503 1056 Pauli
528 992 646 1069 stylum
670 992 701 1052 et
726 984 902 1048 sententias
922 983 1066 1048 imitatus
1091 988 1143 1050 sit
1195 986 1262 1052 Sua
1286 1004 1367 1052 vero
1385 991 1547 1053 sententia
1573 988 1688 1055 Schott
1706 1006 1823 1055 omnes

411 1092 615 1160 difficultates
643 1088 790 1155 amoveri
816 1086 1002 1151 arbitratur.

522 1188 557 1259 5.
608 1193 683 1272 Qua
708 1196 818 1257 umen
838 1188 973 1255 minime
997 1192 1170 1254 contentus
1194 1189 1282 1256 Baur
1307 1191 1489 1257 haereticos
1522 1197 1554 1257 et
1580 1193 1682 1258 falsos
1706 1193 1824 1259 docto·

411 1310 463 1359 r-es
497 1302 609 1360 nostra
642 1295 780 1377 epistola
810 1295 1086 1357 commemoratos
1120 1310 1256 1373 prorsus
1284 1292 1432 1359 diversos
1462 1312 1534 1361 esse
1556 1297 1597 1360 ah
1620 1297 1659 1360 iis
1685 1302 1823 1361 conten·

411 1397 467 1474 dit,
492 1415 575 1478 quos
598 1399 718 1463 Paulus
741 1398 776 1459 in
801 1395 946 1475 epistolis
968 1395 1039 1459 sine
1066 1394 1167 1459 dubio
1193 1397 1342 1476 genuinis
1364 1399 1542 1478 impugnet,
1569 1416 1669 1480 quum
1690 1400 1724 1464 hi
1740 1415 1823 1481 apo-

411 1499 559 1564 stolicam
601 1507 726 1565 tantum
764 1498 857 1561 Pauli
897 1498 1123 1563 auctoritatem
1154 1499 1189 1561 iu
1223 1498 1358 1564 dubium
1390 1500 1579 1566 vocaverint
1610 1507 1642 1564 et
1673 1503 1823 1567 minuere

412 1601 609 1678 studuerint,
639 1605 685 1667 illi
721 1607 830 1666 autem
866 1616 933 1664 non
967 1600 1060 1664 Pauli
1090 1601 1275 1665 auctoritati
1297 1602 1355 1666 sed
1381 1603 1480 1667 totius
1507 1603 1664 1668 ecelesiae
1690 1604 1765 1668 tidei
1791 1610 1824 1668 et

411 1705 612 1770 ¹confessioni
648 1705 810 1770 adversati
843 1694 920 1768 sint
982 1702 1033 1767 Ex
1067 1720 1134 1782 quo
1166 1720 1346 1784 apparere,
1381 1705 1565 1770 haereticos
1591 1705 1726 1771 eosdem
1752 1723 1824 1772 esse

413 1815 510 1888 atquc
535 1805 709 1873 Gnosticos
741 1803 876 1871 secundi
901 1806 1024 1870 saeculi
1050 1806 1195 1871 maxime
1220 1805 1452 1883 Marcionitas3
1485 1827 1584 1889 quam
1617 1825 1689 1875 rem
1715 1809 1824 1873 multis

411 1911 548 1992 singulis
581 1912 662 1976 locis
694 1909 893 1973 confirmari.
953 1907 1037 1973 Nam
1070 1898 1323 1997 γενεαλογίας
1352 1896 1585 2006 α’περιίντους
1620 1907 1654 1998 (Ι,
1676 1904 1712 1998 4)
1744 1912 1825 1976 nihil

410 2013 502 2085 ,aliud
528 2031 611 2090 esse,
636 2030 735 2095 quam
760 2027 903 2076 aeonum
928 2011 1047 2088 series,
1084 2010 1226 2075 infinitas
1248 2029 1269 2075 a
1295 2009 1459 2077 Gnosticis
1486 2015 1697 2095 excogitatas,
1723 2038 1825 2100 νομο.

413 2100 661 2189 διδασκάλους
699 2109 733 2199 (1,
766 2108 800 2200 7]
834 2117 870 2176 ur
900 2128 941 2175 ox
974 2113 1099 2178 ironice
1125 2114 1277 2195 apposito
1309 2105 1500 2188 θέλοντες
1535 2094 1627 2188 εἶναι
1656 2123 1824 2199 appareat

413 2237 481 2284 non
507 2218 708 2288 ludaeorum
731 2218 812 2297 legis
837 2214 977 2296 peritos,
1012 2215 1072 2281 sed
1101 2216 1311 2281 Marcionitas
1346 2235 1436 2295 esse,
1472 2218 1528 2299 qui
1554 2220 1634 2299 legis
1659 2221 1826 2284 mosaicae

413 2322 640 2386 auctoritatem
666 2320 802 2386 omnine
828 2320 1028 2402 spreverint,
1061 2317 1202 2401 denique
1235 2307 1454 2393 ἀντιθέσεις
1478 2318 1546 2400 τῆς
1574 2307 1826 2410 ψευδωνύμου

414 2415 581 2509 γνώσεως
600 2421 661 2511 (Vl,
680 2414 739 2507 20)
755 2427 866 2504 aperte
887 2419 927 2484 ad
942 2437 1025 2505 opus
1043 2420 1122 2486 illud
1140 2421 1319 2488 Marcionis
1334 2429 1492 2505 spectare,
1518 2424 1607 2503 quod
1626 2427 1721 2505 quasi
1736 2441 1827 2505 sym·

412 2526 526 2591 hoium
561 2525 830 2592 Marcionitarum
865 2524 980 2602 luerit,
1015 2529 1046 2588 et
1076 2524 1175 2590 aliam
1198 2525 1322 2589 nnllam
1348 2542 1482 2607 prorsus
1508 2527 1701 2592 relationem
1727 2528 1825 2591 statui

413 2646 511 2710 posse
536 2629 598 2692 nisi
622 2645 738 2692 omnes
762 2627 939 2692 historicae
964 2627 1197 2706 disquisitionis
1222 2628 1312 2708 leges
1334 2629 1546 2693 violarentur.
1603 2628 1709 2695 Porro
1735 2631 1824 2710 quod

413 2731 565 2794 omnihus
591 2732 778 2796 hominihus
805 2730 942 2795 salutem
975 2746 1035 2811 per
1063 2727 1227 2795 Christum
1253 2731 1411 2811 impertiri
1434 2748 1644 2812 summopere
1668 2737 1825 2813 urgeatur

413 2839 446 2898 et
470 2833 620 2899 doctores
652 2835 743 2911 falsi,
775 2836 831 2914 qui
854 2833 1098 2897 matrimonium
1121 2833 1205 2897 inire
1231 2837 1262 2896 et
1288 2833 1368 2897 cibis
1394 2833 1588 2914 quibusdam
1615 2835 1680 2899 irui
1705 2839 1825 2911 vetent,

414 2937 624 3002 vehementer
658 2936 940 3020 reprehendantur
971 2927 1103 3021 (1v‚3),
1139 2935 1181 2999 ad
1213 2932 1444 3001 Gnosticorum
1476 2943 1602 3030 tuntum
1629 2938 1825 3012 doctrinam,
1853 2936 1856 2941 ’

411 3041 463 3104 his
489 3040 655 3105 sententiis
681 3044 935 3122 repugnantem,
969 3036 1087 3102 reterri
1113 3055 1219 3118 posse,
1246 3042 1344 3119 atque
1365 3046 1481 3103 contra
1507 3040 1640 3105 eosdem
1667 3042 1823 3106 directam

414 3160 486 3232 esse
512 3144 705 3208 sententiam
727 3143 768 3207 de
790 3142 939 3219 leminis,
973 3157 1057 3222 quae
1078 3158 1098 3205 a
1124 3140 1273 3205 docendo
1294 3142 1458 3206 abstinere
1480 3146 1513 3206 et
1535 3145 1659 3209 nubere
1686 3145 1827 3210 debeant

416 3241 464 3328 (ΙΙ,
490 3238 641 3332 sssum),
663 3245 753 3326 quod
773 3246 910 3324 gnostici
930 3244 978 3307 illi
1003 3244 1203 3323 negaverint.
1254 3241 1351 3321 Quod
1377 3245 1494 3326 religio
1520 3245 1696 3312 christiana
1722 3248 1826 3312 verbo

415 3337 611 3428 εὐσεβεία,
641 3347 728 3430 apud
762 3348 899 3413 Paulum
932 3346 1083 3423 insolito,
1116 3364 1178 3411 nec
1205 3346 1305 3410 verbo
1331 3339 1456 3420 πίστις
1479 3348 1699 3428 significetur,
1737 3350 1825 3432 quod

415 3454 530 3513 eontra
561 3432 814 3522 didascalice
848 3434 1039 3535 δαιμονίων
1068 3454 1229 3529 pugnetur
1254 3443 1316 3545 (lv,
1344 3447 1397 3535 1),
1429 3450 1517 3531 quod
1543 3469 1585 3515 ex
1610 3454 1733 3534 scripto
1754 3453 1825 3535 jam

413 3553 586 3633 evangelio
610 3550 718 3619 Lucae
743 3570 858 3618 versus
892 3552 1008 3616 citetur
1043 3545 1098 3636 (V,
1126 3542 1203 3638 18),
1235 3551 1371 3616 induhia
1399 3571 1471 3617 esse
1499 3555 1638 3645 ¹serioris
1667 3557 1824 3637 temporis
1883 3624 1889 3637 ,

414 3657 527 3735 signa;
572 3657 681 3720 locum
715 3655 856 3737 denique
880 3656 905 3731 Ι,
932 3645 992 3728 20,
1029 3670 1096 3717 non
1122 3653 1230 3718 solum
1255 3659 1371 3719 eontra
1398 3663 1543 3721 nostram
1571 3657 1743 3739 epistolam
1766 3658 1825 3722 sed

414 3759 511 3823 etiam
542 3763 657 3831 contra
691 3758 730 3822 ll.
756 3761 838 3825 Tim.
863 3775 934 3824 esse
965 3762 997 3821 et
1022 3759 1207 3821 monstrare
1232 3756 1402 3837 quomodo
1429 3760 1588 3840 epistolae
1613 3761 1734 3824 sensim
1761 3761 1826 3824 sint

413 3862 617 3943 compositae
650 3863 817 3944 alteraque
849 3881 891 3928 ex
924 3860 1026 3924 altera
1062 3861 1247 3941 compilata.
1326 3866 1476 3926 Attamen
1512 3880 1578 3926 non
1612 3855 1703 3926 omni
1737 3880 1825 3926 nexu

414 3967 648 4032 sententiarum
673 3983 788 4056 carere
814 3970 959 4029 nostram
985 3951 1176 4045 epistolam,
1209 3961 1266 4024 sed
1305 3965 1445 4044 primum
1478 3969 1627 4045 respectu
1658 3963 1699 4028 ad
1732 3965 1826 4030 Bauli

280 4071 289 4081 ‘
416 4068 512 4130 sitam
537 4067 666 4142 habite,
693 4085 807 4133 omnes
829 4061 984 4145 deinceps
1009 4066 1180 4129 hominum
1204 4064 1336 4130 ordines
1362 4068 1526 4149 respicere
1552 4071 1586 4130 et
1611 4066 1651 4129 de
1673 4070 1826 4132 omnihus

414 4171 603 4252 praecipere
625 4170 753 4250 aliqua,
789 4170 828 4234 de
852 4168 992 4235 Caesare
1019 4174 1051 4231 et
1072 4167 1331 4247 magistratibus,
1368 4175 1404 4233 ut
1426 4185 1540 4251 preces
1564 4169 1739 4235 tundantur
1764 4189 1826 4253 pro

414 4274 465 4349 iis,
486 4272 526 4335 de
552 4273 631 4336 viris
659 4278 691 4337 et
716 4274 857 4349 seminis,
883 4269 1051 4352 quomodo
1074 4288 1109 4334 se
1134 4288 1248 4350 gerere
1272 4270 1434 4349 debeant,
1458 4276 1526 4335 tum
1553 4272 1595 4336 ah
1622 4274 1772 4338 humanis
1792 4275 1824 4337 in

414 4376 604 4439 uuiversum
631 4375 672 4439 ad
688 4376 918 4442 ecclesiastiea
941 4373 1231 4453 transgredientem
1258 4372 1298 4437 de
1325 4375 1487 4455 episeopis
1514 4381 1546 4438 et
1563 4375 1721 4453 diaconis,
1743 4394 1825 4458 qua-

415 4479 462 4542 les
489 4495 560 4541 esse
583 4477 738 4559 debeant,
766 4487 834 4544 turn
861 4479 902 4543 ad
926 4477 1107 4542 haereticos
1134 4476 1324 4540 redeuntem
1350 4476 1522 4542 Timotheo
1548 4479 1716 4557 mandare,
1741 4497 1826 4560 quo-

414 4580 515 4645 modo
540 4587 616 4659 agat
640 4599 713 4645 eum
739 4584 922 4648 senioribus
947 4584 978 4643 et
1000 4578 1208 4660 junioribus,
1231 4595 1305 4642 eum
1331 4580 1435 4643 viduis
1461 4585 1494 4645 et
1517 4583 1713 4662 virginibus,
1750 4600 1824 4646 oum

415 4683 610 4777 preshyteris
636 4688 668 4753 et
695 4687 790 4758 rehus
815 4681 1060 4754 ecelesiasticis;
1102 4681 1191 4752 hisee
1214 4681 1382 4751 ordinibus
1400 4686 1602 4765 pertractatis
1626 4686 1737 4749 venire
1754 4685 1825 4764 epi·
