4350 5586
1036 501 1137 581 ,34

409 687 479 769 jam
500 702 600 767 snpra
626 683 750 762 monui,
774 683 945 765 epistolam
971 685 1118 747 nostram
1141 697 1273 763 prorsus
1300 698 1372 746 esse
1399 682 1604 762 familiarem,
1628 683 1717 766 qnod
1744 698 1818 747 om-

413 806 472 854 nes
499 791 598 854 stiam
624 786 804 853 adversarii
831 785 1013 850 concedere
1037 785 1142 850 coacti
1165 789 1251 849 sunt
1287 783 1339 849 Ex
1357 804 1422 867 qua
1437 804 1474 852 re
1494 789 1617 864 omnia,
1640 803 1724 869 quae
1740 803 1822 851 con·

414 897 463 957 tra
486 908 559 957 eam
584 890 789 976 protulerint,
815 887 910 953 facilc
937 888 1094 971 explicari
1119 887 1197 951 mihi
1224 885 1383 954 ridentur.
1434 887 1544 968 Quum
1570 890 1657 954 enim
1680 888 1823 954 tamilla·

413 997 458 1060 ris
484 995 642 1078 epistotae
665 1010 705 1056 ea
730 992 771 1055 sit
795 995 921 1068 natura,
947 998 982 1056 ut
1007 994 1075 1055 tota
1096 990 1131 1054 in
1156 989 1360 1056 testificando
1386 1009 1500 1058 amore
1526 996 1559 1057 el
1580 993 1722 1058 amicitia
1747 1007 1823 1056 ver·

414 1103 513 1174 setur,
538 1097 642 1161 multo
667 1112 748 1159 vero
765 1094 872 1157 minus
895 1094 930 1157 in
949 1092 1135 1158 docendum
1151 1092 1414 1176 hortandumque
1433 1095 1610 1171 incnmhal,
1635 1096 1706 1160 sine
1721 1093 1822 1158 dubio

412 1200 514 1265 multa
547 1197 725 1282 peculiaria
757 1214 1018 1262 commemorare
1048 1201 1080 1261 et
1112 1196 1269 1261 nonnulla
1306 1199 1373 1262 non
1406 1202 1474 1263 tam
1513 1202 1666 1264 accurate
1703 1202 1735 1261 et
1770 1196 1822 1260 di-

413 1305 528 1369 stincte
554 1300 750 1376 describere,
776 1317 875 1381 quam
901 1300 992 1378 alias,
1018 1299 1075 1363 uhi
1099 1297 1250 1394 docendo
1276 1300 1417 1364 intentus
1444 1305 1502 1378 est,
1528 1301 1664 1378 assolet,
1689 1305 1824 1382 aposto·

413 1408 463 1470 lus
488 1406 522 1468 in
549 1410 663 1469 nostra
689 1402 826 1484 epistola
852 1403 966 1484 potuit.
1015 1400 1066 1467 Ex
1092 1418 1159 1482 quo
1184 1401 1340 1483 sequitur,
1365 1420 1434 1467 non
1455 1408 1543 1469 recte
1566 1407 1687 1469 contra
1702 1403 1825 1486 episto-

401 1506 479 1573 'lam
515 1506 674 1588 proferri,
708 1522 793 1586 quae
822 1505 862 1568 de
887 1505 995 1571 Wette
1023 1509 1054 1568 et
1078 1503 1167 1568 Baur
1197 1504 1238 1568 de
1264 1505 1353 1570 latsis
1380 1505 1570 1572 doctoribus
1595 1506 1694 1571 etde
1720 1510 1824 1571 matre

415 1617 447 1675 et
483 1610 557 1675 aria
588 1607 750 1675 Timothei
771 1608 930 1684 dixerint,
963 1609 1060 1673 simul
1091 1612 1201 1671 tamen
1237 1609 1422 1688 apostolum
1447 1611 1545 1674 morti
1571 1608 1759 1691 proximum
1784 1608 1825 1672 de

414 1715 480 1777 vita
506 1719 538 1776 et
563 1714 660 1777 rehus
685 1710 782 1791 gestis
809 1710 943 1775 liberius
975 1710 1067 1792 loqui
1100 1714 1131 1773 et
1156 1709 1363 1775 Timotheum
1387 1713 1620 1779 amicissimum
1645 1712 1823 1793 impensius

413 1815 539 1880 hortari
566 1820 597 1880 et
623 1815 720 1879 etiam
747 1812 788 1877 de
818 1814 927 1896 parvis
956 1813 1054 1878 rebus
1082 1828 1219 1877 monere
1242 1814 1312 1877 sine
1338 1815 1407 1880 ullo
1431 1814 1643 1882 incommodo
1668 1815 1825 1898 potuisse.

414 1917 584 1985 Ostentata
610 1935 689 1981 vero
714 1917 896 1981 constantia
923 1919 953 1979 et
978 1915 1093 1981 mortis
1119 1916 1320 1997 exspectatio
1342 1917 1375 1981 in
1399 1920 1538 2002 epistola
1561 1936 1628 1987 non
1653 1918 1823 2000 reperitur.

414 2021 472 2086 sed
490 2025 615 2086 tantum
640 2036 778 2100 magnus
804 2024 836 2083 et
859 2019 951 2084 fortis
973 2019 1067 2085 Pauli
1090 2018 1218 2083 animus
1245 2018 1344 2083 etiam
1365 2021 1555 2087 imminente
1576 2027 1682 2087 morte
1700 2021 1824 2085 incon-

415 2141 545 2201 cussus,
585 2123 641 2204 qui
666 2108 743 2186 inde
768 2122 913 2187 maxime
939 2123 1062 2199 elucet,
1095 2119 1185 2204 quod
1212 2121 1246 2185 in
1272 2126 1363 2186 tanto
1389 2125 1537 2206 periculo
1561 2142 1627 2190 non
1654 2142 1689 2188 se
1716 2125 1824 2205 ipsum

309 2213 310 2216 ¹
415 2231 524 2304 curat,
559 2224 617 2289 sed
649 2224 990 2308 Timotheum'potins
1011 2226 1178 2301 hortatur,
1210 2228 1246 2287 ut
1267 2230 1421 2290 constans
1444 2231 1476 2291 et
1501 2226 1605 2291 tidelis
1631 2227 1664 2289 in
1691 2225 1822 2307 praedi·

415 2328 521 2395 cando
549 2328 721 2408 evangetio
752 2332 953 2409 permaneat
1010 2325 1060 2392 De
1086 2327 1150 2392 hoc
1174 2325 1282 2392 studio
1306 2332 1338 2391 et
1363 2329 1482 2394 ardore
1507 2326 1741 2412 propagandae
1768 2347 1822 2392 ra·

413 2432 544 2515 ligionis
570 2431 784 2509 christianae,
812 2431 903 2513 cujus
930 2430 1036 2496 omnis
1062 2430 1130 2495 vita
1150 2432 1183 2493 et
1202 2447 1293 2495 mors
1313 2434 1454 2512 apostoli
1477 2433 1608 2513 egregia
1633 2436 1707 2494 sunt
1733 2432 1824 2496 testi-

414 2535 536 2613 monia,
558 2532 757 2598 amicissimo
775 2533 865 2617 toqui
888 2550 1028 2615 eumque
1050 2533 1244 2598 imitandum
1259 2551 1455 2616 proponere,
1481 2537 1616 2601 nonest
1638 2537 1823 2598 ostentatio.

415 2638 523 2704 Verha
553 2636 693 2718 denique
719 2623 949 2727 εὐαγγέλιόν
974 2660 1044 2723 μου
1067 2653 1133 2702 non
1160 2634 1382 2719 adscriptum
1412 2638 1617 2719 evangelium
1637 2636 1746 2701 Lucae
1767 2635 1825 2701 sed

415 2740 458 2806 ad
481 2738 705 2822 praedicatum
730 2738 825 2804 Pauli
848 2744 924 2804 sunt
948 2739 1137 2817 referenda,
1172 2743 1205 2802 et
1235 2738 1324 2804 Baur
1356 2746 1425 2806 tum
1455 2741 1589 2807 demum
1609 2741 1684 2824 jure
1706 2757 1749 2804 ex
1775 2739 1825 2803 his

415 2842 523 2908 verbis
556 2842 776 2924 suspicionem
800 2859 935 2908 movere
960 2845 1090 2924 posset,
1118 2842 1147 2905 si
1179 2843 1339 2909 sentenlia
1364 2862 1424 2910 sua
1449 2843 1490 2909 de
1516 2845 1643 2926 origine
1669 2842 1825 2924 epistola-

415 2963 489 3011 rum
513 2944 641 3024 melius,
666 2962 765 3027 quam
789 2950 855 3024 est,
880 2946 1008 3011 firmata
1033 2951 1065 3008 et
1091 2944 1222 3033 veritati,
1243 2945 1450 3013 conformata
1473 2952 1568 3012 esset
1635 2944 1826 3011 Eichhornii

416 3049 657 3132 oppositionem
692 3048 733 3112 de
758 3050 845 3113 mate
869 3047 1014 3114 collectis
1040 3047 1201 3112 historicis
1233 3048 1275 3112 de
1300 3050 1404 3116 Paulo
1429 3049 1602 3115 Timotheo
1629 3055 1661 3113 et
1686 3049 1825 3113 ecclesia

416 3152 550 3235 ephesia
570 3150 799 3216 traditionibus
823 3151 894 3232 iam
914 3167 1015 3233 supra
1036 3149 1156 3232 rejeci,
1182 3168 1283 3231 quum
1310 3152 1351 3217 de
1372 3159 1522 3235 tempore
1545 3152 1601 3217 uhi
1628 3154 1747 3234 scripta
1773 3169 1826 3216 es·
1918 3206 1923 3213 .

415 3260 465 3320 set
490 3255 628 3337 epistota
654 3271 797 3334 agerem,
823 3257 923 3319 restat
944 3254 1053 3334 igitur,
1079 3261 1115 3316 ut
1139 3251 1363 3320 demonstrato
1388 3274 1478 3321 nexu
1503 3260 1535 3319 et
1555 3254 1670 3320 ordine
1696 3260 1827 3319 senten·

417 3358 535 3423 riarum
561 3357 730 3439 epistolae,
751 3357 843 3421 illum
870 3360 903 3422 et
928 3354 1129 3422 Grednerum
1152 3360 1184 3418 et
1207 3355 1456 3424 Neudeclrerum
1483 3360 1632 3423 refutem.
1682 3358 1742 3421 llic
1756 3358 1825 3439 pri-

416 3478 508 3524 mum
533 3459 733 3526 monendum
758 3464 817 3537 est,
843 3460 927 3523 inter
950 3460 1042 3525 locos
1062 3458 1115 3537 lv,
1137 3450 1238 3526 6-8
1261 3453 1462 3529 et'l5-18
1481 3479 1548 3527 non
1568 3479 1651 3537 esse,
1671 3465 1706 3523 ut
1722 3457 1824 3525 Cred-

416 3582 476 3629 nsr
498 3568 605 3645 putat,
632 3563 943 3639 contradictionem,
979 3579 1079 3641 quum
1104 3577 1135 3625 v.
1161 3554 1285 3631 6-8.
1313 3566 1482 3646 apostolus
1512 3564 1573 3629 sihi
1606 3566 1748 3627 mortem
1771 3563 1823 3626 in-

416 3673 502 3732 stare
526 3665 621 3743 dicat,
649 3659 695 3730 15
709 3701 753 3711 -
767 3657 813 3733 18
837 3671 947 3730 autem
973 3665 1007 3728 in
1030 3665 1135 3747 prima
1160 3666 1289 3730 actione
1314 3684 1350 3731 se
1372 3686 1439 3732 non
1463 3668 1572 3733 statim
1594 3665 1708 3747 capitis
1733 3664 1827 3730 dam-

416 3773 528 3834 natum
552 3785 634 3843 esse,
659 3769 808 3848 quamvis
832 3770 923 3834 solus
948 3767 1018 3849 ipse
1043 3768 1094 3832 sui
1117 3767 1272 3835 deienscr
1297 3767 1404 3846 tuerit,
1429 3776 1498 3834 tum
1525 3786 1604 3834 vero
1618 3769 1826 3851 prooemium
1871 3790 1874 3795 ·

417 3871 539 3953 duplex
574 3875 605 3934 et
640 3868 762 3952 duplex
795 3872 944 3937 invitatio
977 3875 1009 3936 et
1043 3871 1164 3952 duplex
1198 3872 1346 3952 epilogus
1382 3889 1449 3937 non
1480 3890 1597 3938 revera
1626 3870 1757 3947 adsunt,
1791 3877 1827 3937 ut

417 3973 561 4040 Credner
586 3974 721 4050 censuit,
743 3974 801 4039 sed
826 3976 963 4056 repetita
989 3979 1114 4039 tantum
1138 3977 1186 4037 est
1210 3974 1359 4039 invitatio
1384 3981 1520 4058 propter
1544 3991 1708 4039 summum
1732 3975 1825 4039 Pauli

416 4077 622 4143 Timotheum
657 4076 790 4141 videndi
816 4076 1031 4155 desiderium,
1063 4077 1269 4159 prooemium
1301 4085 1410 4144 antem
1444 4086 1476 4144 et
1506 4078 1653 4160 epilogus
1683 4079 1771 4143 male
1791 4079 1825 4142 in

417 4180 498 4245 duas
517 4186 625 4260 partes
640 4178 735 4245 divisi
760 4185 845 4247 sunt.
882 4178 1009 4258 Quihus
1030 4178 1163 4243 monitis
1178 4179 1220 4244 ad
1236 4182 1456 4247 enarrandum
1473 4186 1700 4263 argumentum
1719 4181 1825 4263 ipsum

417 4292 559 4353 transeo.
592 4284 768 4364 apostolus
787 4282 947 4365 discipulo
966 4282 1165 4346 amicissimo
1184 4283 1411 4361 valedicturus,
1437 4300 1480 4348 ne
1502 4302 1563 4350 sua
1587 4289 1703 4359 morte,
1728 4300 1827 4364 quam

416 4402 478 4469 pro
505 4386 675 4465 evangelio
698 4403 854 4468 passurus
878 4386 937 4464 sit,
973 4384 1105 4450 timidus
1130 4385 1196 4463 dat,
1223 4394 1256 4452 et
1280 4406 1300 4452 a
1323 4387 1544 4470 praedicando
1569 4386 1741 4468 evangelio
1766 4386 1826 4450 de·

416 4490 673 4565 sistat-summo
699 4488 808 4554 studio
832 4489 983 4555 hortatur
1007 4488 1231 4565 Timotheum,
1264 4495 1301 4554 nt
1326 4489 1455 4556 fidelem
1481 4507 1612 4556 serrum
1639 4494 1672 4554 et
1693 4489 1828 4554 mititem

418 4590 536 4658 Christi
562 4605 598 4653 se
624 4592 798 4673 praeheat,
831 4609 927 4669 neve,
967 4593 1001 4655 nt
1027 4590 1082 4656 alii
1107 4591 1260 4670 iecerint,
1287 4591 1432 4658 cilicium
1457 4595 1595 4677 turpiter
1620 4593 1766 4666 deserat,
1796 4597 1829 4655 at

417 4711 484 4762 nou
509 4693 618 4759 solnm
639 4693 754 4758 mortis
774 4694 953 4777 periculum
981 4693 1110 4758 fortiter
1132 4699 1274 4777 spernat,
1297 4695 1355 4761 sed
1379 4699 1476 4765 ctiam
1500 4678 1524 4763 a¹
1542 4698 1700 4763 falsorum
1716 4693 1831 4758 docto-
