4350 5586
780 1392 937 1459 CdPlTlS
963 1393 1081 1459 PRIMl
1106 1392 1211 1459 PARS
1238 1391 1439 1461 SECUNDA.

462 1562 987 1659 ADVERSARIORUM
1024 1562 1458 1652 EPISTOLARUM
1498 1550 1759 1654 ORIGINIS

714 1681 1144 1767 EXPLICANDAE
1175 1682 1507 1770 CONAMINA.

492 1931 520 1997 §-
545 1925 595 1992 1.·
617 1929 782 1994 conamina
805 1932 952 2012 epistolae
971 1936 1082 2016 prioris
1096 1934 1143 1997 ad
1166 1933 1354 1998 Timotheum
1380 1933 1506 2016 originis
1523 1933 1730 2016 explicandae.

518 2076 549 2145 l.
601 2078 880 2146 Schleiermaoher
906 2081 1049 2163 primum
1074 2098 1116 2146 cx
1143 2098 1263 2163 magna
1286 2081 1383 2163 copia
1409 2080 1588 2145 verborum
1613 2066 1728 2174 ἅπαξ
1751 2077 1819 2153 λε.

406 2177 571 2275 γομένων
596 2185 631 2247 in
661 2184 687 2250 l.
719 2184 801 2249 Tim.
832 2185 1006 2248 obviorum
1038 2185 1226 2268 suspicione
1255 2189 1348 2249 mota
1372 2184 1457 2248 hanc
1482 2184 1614 2250 firmare
1639 2188 1671 2248 et
1697 2190 1819 2251 certam

406 2292 515 2358 iacere
548 2286 672 2364 studet,
704 2304 805 2367 quum
834 2287 1001 2365 ostendat,
1036 2288 1149 2353 omnia
1181 2288 1263 2353 haee
1296 2286 1398 2353 verba
1419 2286 1537 2351 eadem
1558 2287 1592 2351 in
1616 2285 1655 2352 la
1682 2288 1764 2352 Tim.
1788 2291 1819 2351 et

405 2396 465 2460 Tit.
489 2390 629 2459 inveniri
655 2389 796 2472 indeque
822 2390 992 2472 desumpta
1013 2407 1095 2469 esse,
1123 2390 1181 2455 sed
1206 2392 1263 2456 tali
1289 2389 1401 2467 modo,
1427 2394 1464 2454 ut
1482 2391 1677 2472 scriptorem
1692 2391 1717 2455 1.
1737 2390 1818 2455 Tim.

404 2499 491 2563 male
515 2492 715 2560 intellexisse
740 2493 927 2571 sententias,
950 2493 1090 2577 ideoque
1117 2494 1224 2559 verbis
1251 2494 1335 2558 falso
1361 2509 1457 2556 usum
1481 2510 1553 2558 esse
1579 2494 1691 2575 aperte
1707 2492 1820 2558 videa·

404 2618 494 2678 mus,
518 2600 718 2679 quapropter
739 2597 926 2661 necessario
952 2597 1080 2662 exiliis
1108 2595 1234 2661 duabus
1260 2596 1405 2679 epistolis
1429 2603 1576 2661 nostram
1602 2598 1820 2678 compositam

405 2710 437 2770 et
461 2701 672 2781 compilatam
699 2715 771 2764 esse
796 2699 1020 2764 concludatur.
1073 2698 1189 2765 Statim
1214 2700 1255 2764 ab
1281 2699 1376 2763 initio
1403 2699 1427 2763 1.
1448 2699 1530 2765 Tim.
1554 2699 1578 2776 l,
1609 2694 1641 2778 l,
1668 2690 1690 2762 2
1716 2701 1819 2764 verba

404 2795 497 2881 θεός
533 2795 675 2897 σωτὴρ,
709 2791 847 2901 γνησίῳ
879 2792 1002 2897 τέκνῳ
1032 2799 1073 2872 ἐν
1105 2791 1231 2874 πίστει
1263 2807 1296 2866 et
1321 2788 1410 2874 κατ’
1436 2791 1628 2891 ε’πιταγνίν
1654 2792 1751 2875 θεοῦ
1776 2821 1818 2866 ex
1873 2844 1877 2852 ·

403 2910 465 2974 Tit.
491 2908 515 2985 1,
542 2899 575 2984 3,
598 2898 622 2968 4
648 2906 819 2987 desumpta
844 2923 933 2982 esse,
959 2903 1018 2968 sed
1042 2893 1134 2978 dats
1159 2890 1293 3000 σωτήρ,
1319 2904 1409 2988 quod
1432 2904 1467 2967 in
1485 2905 1545 2971 Tit
1562 2903 1604 2968 ad
1620 2905 1820 2988 redemptio-

404 3029 479 3076 nem
507 3026 567 3091 per
591 3006 754 3073 Christum
775 3009 895 3073 laetam
919 3008 1090 3086 referatur,
1113 3007 1167 3071 hic
1188 3007 1275 3072 nude
1291 3025 1363 3072 esse
1380 3007 1534 3089 positum,
1555 3007 1673 3073 deinde
1694 3008 1719 3072 1.
1738 3008 1819 3073 Tim.

404 3115 429 3188 l,
451 3107 475 3179 4
499 3102 701 3210 προσέχειν
721 3099 861 3200 μύθοις
884 3099 953 3184 καὶ
974 3100 1240 3199 γενεαλογίαις
1259 3097 1483 3204 α’πεςνοίντοις
1509 3110 1681 3186 extiti,
1711 3103 1758 3175 14
1788 3115 1820 3175 et

404 3217 463 3294 ΙΙΙ,
494 3208 518 3280 9
545 3214 744 3295 descriptum
771 3231 860 3292 esse,
898 3213 957 3278 sed
989 3213 1055 3278 alia
1087 3213 1224 3278 notione
1258 3217 1473 3296 usurpatum,
1510 3230 1611 3297 quum
1636 3214 1697 3278 Tit.
1721 3214 1745 3290 l,
1774 3207 1820 3278 14

403 3307 522 3408 pitto
548 3317 744 3382 deliniantur
769 3299 945 3390 ιὀυὸαἶκοῖ
969 3302 1038 3387 καῖ
1062 3303 1221 3389 ἐντολαὶ
1246 3302 1474 3412 ἀνθρώπων,
1498 3317 1552 3381 hio
1576 3333 1655 3382 vero
1681 3332 1819 3398 compo·

402 3425 522 3487 nantur
552 3437 628 3485 cum
661 3411 930 3509 γενεαλογίαις
959 3405 1202 3514 οἷπεροίντοις,
1238 3418 1348 3500 itaque
1384 3418 1463 3483 dum
1494 3421 1529 3484 in
1555 3419 1615 3483 Tit.
1640 3423 1752 3499 aperte
1777 3418 1820 3483 ad

403 3539 533 3591 errores
562 3522 714 3605 judaicos
745 3527 886 3605 spectet,
925 3525 1039 3585 nostro
1073 3520 1147 3586 loeo
1185 3520 1324 3586 fortasse
1349 3522 1512 3603 gnosticas
1539 3538 1681 3587 aeonum
1707 3521 1819 3595 series.
1896 3569 1899 3573 .

402 3628 590 3707 similesque
614 3643 729 3690 earum
754 3625 883 3691 tabulas
912 3623 1116 3705 signiticare3
1155 3629 1327 3706 praeterea
1348 3643 1472 3695 ,verum
1495 3627 1615 3690 horum
1641 3624 1819 3689 verborum

402 3746 538 3796 sensum
563 3727 730 3793 difficilem
756 3746 827 3794 esse
850 3728 1024 3810 explicatu,
1049 3725 1139 3808 quod
1162 3729 1250 3810 apud
1269 3728 1408 3792 Paulum
1432 3730 1488 3792 vix
1512 3745 1651 3810 usquam
1673 3728 1819 3809 reperia-

404 3839 467 3910 tur,
501 3849 602 3914 quum
628 3832 655 3895 is
682 3831 807 3896 andum
833 3836 865 3898 et
890 3848 1039 3896 emonem
1062 3830 1096 3893 in
1123 3833 1262 3896 ecclesia
1283 3831 1416 3895 obvium
1443 3847 1574 3914 semper
1599 3832 1686 3896 clare
1711 3835 1743 3894 et
1769 3831 1819 3894 di-

403 3937 520 4001 stincte
552 3934 684 4001 definiat
717 3951 821 4015 eaque
855 3952 892 3999 re
923 3934 1039 3999 tollere
1065 3932 1201 3999 studeat
1253 3933 1380 3999 Eodem
1401 3933 1502 4000 modo
1528 3936 1721 4016 usurpatum
1747 3947 1819 3998 esse

405 4038 544 4102 verbum
576 4025 738 4130 ζήτησις
756 4031 790 4124 (1,
823 4029 868 4123 4).
929 4037 1035 4103 Porro
1065 4037 1167 4102 verbo
1196 4023 1376 4127 ἀστοχεῖν
1403 4038 1442 4103 ll.
1465 4038 1547 4102 Tim.
1573 4036 1620 4115 ll,
1648 4028 1706 4117 18,
1731 4038 1819 4102 unde

405 4141 613 4224 desumptum
638 4141 679 4204 sit
700 4141 809 4205 inesse
830 4139 1003 4205 notionum
1029 4156 1166 4221 scopum
1197 4157 1265 4205 non
1290 4140 1507 4221 assequendi,
1542 4140 1713 4220 corruel,
1738 4133 1761 4205 6
1789 4145 1821 4205 et

407 4245 458 4322 vl,
480 4234 526 4307 21
554 4243 738 4324 significare
762 4245 827 4309 hoc
853 4242 1008 4321 verbum,
1032 4240 1211 4324 deperdere
1239 4242 1328 4324 quod
1356 4244 1427 4324 quis
1449 4244 1519 4326 jam
1541 4243 1709 4321 habuerit,
1733 4244 1819 4308 male

406 4348 505 4429 igitur
539 4347 738 4411 intellectum
771 4362 863 4423 esse3
904 4346 1006 4410 verbo
1036 4336 1300 4439 ἐκτρέπεσθαι
1327 4346 1433 4411 inesse
1456 4346 1495 4411 ll
1521 4346 1603 4411 Tim.
1629 4347 1681 4424 lv,
1707 4337 1731 4409 4
1756 4363 1819 4411 no·

405 4452 530 4516 tionem
557 4450 741 4530 aberrandi,
767 4448 906 4515 eandem
927 4448 952 4527 1,
979 4442 1003 4515 7
1025 4452 1057 4512 et
1077 4448 1129 4526 lv,
1154 4441 1218 4524 15;
1259 4448 1318 4513 aed
1341 4449 1394 4526 Vl,
1421 4439 1471 4512 20
1490 4448 1577 4514 idem
1603 4467 1677 4515 esse
1703 4466 1743 4513 ac
1766 4449 1819 4514 lu-

405 4571 486 4636 gere
519 4570 578 4616 seu
608 4553 729 4632 vitare,
763 4554 851 4635 quod
870 4552 992 4619 Paulus
1017 4567 1148 4633 semper
1172 4551 1275 4615 verbo
1299 4538 1455 4645 φεύγειν
1480 4553 1657 4632 significem
1690 4534 1819 4636 διαβε.

407 4645 620 4742 βαιοῦσθαι
639 4672 682 4719 ex
695 4656 755 4721 Tit
781 4655 836 4733 111,
859 4646 882 4721 8
904 4655 990 4721 male
1016 4654 1214 4737 descriptum
1239 4670 1328 4732 esse,
1359 4672 1460 4737 quum
1485 4656 1646 4733 homines,
1673 4655 1727 4736 qui
1753 4658 1820 4719 tam
