4350 5586
1064 518 1110 582 ts

377 695 560 762 Schottium
595 699 629 759 et
655 692 813 758 Baurium
841 693 964 758 assensi
992 700 1083 772 sunt,
1124 701 1265 776 quatuor
1290 696 1389 760 rehus
1413 697 1446 760 in
1476 695 1693 780 descriptione
1718 715 1795 781 pre-

375 800 584 880 sbyterorum
605 796 712 863 ohviis
734 796 929 871 offenditur,
954 797 1097 877 primum
1122 799 1209 879 quod
1238 798 1380 875 dicatur,
1405 798 1555 865 homines
1579 818 1699 866 munus
1722 802 1794 882 epi·

375 903 468 985 scopi
495 901 627 982 assequi
651 898 783 964 studere
809 893 844 984 (Ι.
866 899 948 963 Tim.
974 900 1028 976 ΙΙΙ,
1055 896 1098 987 l),
1124 907 1192 965 tum
1216 901 1305 983 quod
1328 904 1430 966 homo
1446 890 1629 998 νεόφυτος,
1646 907 1795 968 recenter

374 1004 473 1085 igitur
496 1004 575 1067 fidei
602 1011 633 1068 et
660 1003 819 1068 ecciesiae
845 1001 1043 1067 christianae
1068 1003 1215 1069 addictus
1241 1022 1414 1069 amunere
1428 1006 1617 1093 presbyteri
1634 1007 1792 1071 excluda-

374 1112 428 1171 tur
452 1101 515 1192 (ΙΙΙ,
541 1100 587 1194 6),
612 1122 654 1171 ne
679 1106 809 1170 inflatus
831 1104 986 1186 superbia
1010 1106 1043 1169 in
1067 1114 1200 1189 peccata
1226 1107 1357 1185 incidet,
1394 1107 1510 1171 deinde
1534 1109 1622 1189 quod
1648 1109 1794 1192 episcopi

375 1227 396 1274 a
421 1207 573 1273 secundis
596 1208 716 1290 nuptiis
742 1207 979 1290 prohibeantur
1006 1204 1076 1294 (ill,
1099 1203 1144 1297 2),
1171 1209 1313 1292 denique
1346 1209 1434 1291 quod
1466 1212 1646 1292 presbyteri
1680 1212 1794 1277 Timo-

375 1311 487 1376 theum
509 1310 669 1392 impositis
704 1310 856 1376 manibus
888 1327 1099 1376 consecrasse
1134 1317 1166 1376 ct
1200 1314 1363 1378 charisma
1396 1314 1612 1394 impertivisse
1645 1314 1795 1379 dicantur

377 1410 440 1500 (IV,
469 1406 539 1501 14).
600 1413 749 1495 Namque
785 1413 927 1495 primum
958 1414 1021 1479 tale
1048 1415 1190 1480 studium
1220 1417 1365 1481 muneris
1395 1417 1575 1498 presbyteri
1599 1417 1795 1498 assequendi
1883 1409 1885 1412 ’

375 1533 444 1581 nen
468 1522 535 1582 tam
561 1533 645 1582 aevo
670 1515 853 1599 apostolico
880 1517 1079 1583 conveniens
1107 1519 1221 1596 videri,
1248 1504 1305 1585 ubi
1331 1520 1512 1601 presbyteri
1536 1520 1727 1603 simpliciter
1752 1521 1794 1584 ah

375 1622 534 1702 apostolis
558 1624 615 1684 aut
641 1621 683 1684 ah
710 1636 827 1684 eorum
852 1621 951 1684 sociis
976 1620 1069 1684 eiecti
1092 1624 1166 1698 sint,
1193 1640 1291 1702 qnam
1316 1622 1433 1686 seriori
1460 1623 1610 1703 tempori,
1636 1623 1692 1688 uhi
1718 1640 1793 1706 pre·

374 1722 497 1805 shyteri
517 1740 576 1788 seu
605 1723 750 1806 episcopi
777 1739 898 1802 magno
924 1724 1051 1788 honore
1078 1726 1110 1786 et
1136 1724 1291 1805 dignitate
1318 1727 1425 1791 ornati
1443 1725 1507 1789 sint
1527 1731 1558 1788 ct
1577 1742 1616 1788 ea
1637 1725 1794 1791 decanea

374 1843 493 1891 munus
520 1825 601 1890 iilud
627 1827 721 1908 quasi
746 1825 904 1891 ecciesiae
931 1826 1107 1908 imperium
1125 1829 1304 1908 expetitum
1328 1827 1379 1891 sit.
1430 1827 1682 1909 Praescriptum,
1706 1828 1795 1910 quod
1837 1829 1838 1832 ’

376 1935 473 2007 vetet,
509 1928 677 1993 hominem
704 1931 852 1994 recenter
875 1928 909 1992 in
937 1930 1108 1994 ecclesiam
1130 1937 1298 2013 receptum
1321 1930 1450 1994 muneri
1482 1930 1628 2013 episcopi
1651 1931 1795 2013 praefici,

375 2032 410 2097 in
436 2031 583 2097 ecelesiis
608 2036 758 2096 recenter
784 2030 941 2108 tundens,
976 2034 1089 2115 quales
1118 2039 1281 2115 tempore,
1314 2049 1381 2114 quo
1411 2033 1549 2115 epistola
1576 2033 1696 2115 scripta
1723 2050 1795 2099 esse

376 2134 514 2213 dicatur,
540 2152 656 2199 omnes
682 2134 823 2211 tuerint,
849 2136 945 2217 piane
972 2153 1094 2200 vanum
1121 2137 1221 2201 tuisse
1248 2143 1281 2202 et
1303 2136 1417 2200 inutile
1438 2140 1469 2200 et
1495 2141 1629 2219 propter
1650 2135 1795 2202 additam

376 2255 512 2304 causam
540 2238 583 2303 ad
616 2237 720 2302 scrius
755 2242 881 2319 tempus
915 2245 1110 2304 monstrare.
1162 2239 1252 2304 idem
1279 2239 1390 2303 valere
1416 2238 1457 2303 de
1483 2240 1579 2304 tertio
1606 2244 1795 2321 praecepto,

375 2345 411 2406 ut
444 2341 626 2424 presbytcri
661 2359 682 2406 a
714 2339 865 2406 secundis
890 2342 1010 2422 nuptiis
1036 2341 1237 2419 abstineant;
1276 2342 1351 2406 loco
1374 2342 1461 2405 enim
1484 2342 1508 2406 Ι.
1535 2342 1617 2407 Tim.
1642 2344 1679 2419 V,
1702 2334 1726 2406 9
1753 2340 1795 2404 dc

376 2442 569 2509 diaconissis
593 2448 783 2525 usurpatam
809 2460 881 2508 esse
909 2444 1086 2509 dictionem
1110 2440 1290 2534 γεγονυῖα
1317 2434 1393 2516 {eds
1419 2429 1546 2540 α’νὸρδς
1569 2431 1674 2533 «γυνή,
1699 2461 1795 2525 quae,

376 2564 479 2628 quum
505 2547 622 2612 relatio
649 2546 691 2612 ad
713 2547 947 2612 scortationem
968 2548 1040 2613 sine
1062 2547 1161 2612 duhio
1185 2546 1364 2631 rejicienda
1389 2547 1446 2623 sit,
1481 2564 1549 2611 non
1571 2548 1665 2611 ahter
1688 2546 1795 2628 expii·

377 2651 446 2717 cari
473 2651 586 2733 possit,
613 2667 713 2733 quam
740 2656 775 2715 ut
798 2650 989 2715 diaconissis
1016 2650 1215 2732 imperetur,
1252 2669 1295 2715 ne
1318 2651 1448 2733 nuptias
1477 2649 1638 2715 secundas
1674 2649 1795 2725 ineant,

377 2753 453 2820 ioco
480 2759 590 2818 autem
615 2753 640 2817 Ι.
661 2753 744 2817 Tim.
770 2752 824 2829 ΙΙΙ,
852 2742 873 2817 2
901 2754 1142 2836 apreehyterie
1166 2754 1334 2836 postulari,
1359 2758 1395 2817 nt
1419 2754 1484 2818 sint
1509 2749 1595 2841 prais
1622 2743 1803 2840 ’γυνιιικόςΙ

377 2839 515 2950 ἄνδρες,
540 2857 650 2937 itaque
676 2856 764 2922 idem
791 2861 889 2937 atque
916 2857 1108 2922 diaconissis
1135 2858 1270 2940 injungi,
1297 2861 1332 2920 ut
1352 2874 1373 2921 a
1397 2855 1520 2938 nuptiis
1547 2854 1700 2920 secundis
1718 2856 1795 2919 ahs·

377 2959 519 3035 tineent,
561 2976 697 3043 prorsus
732 2959 821 3025 enim
854 2975 926 3024 esse
960 2976 1028 3024 non
1062 2960 1238 3025 verisimile
1260 2976 1321 3024 nec
1347 2975 1443 3041 posse
1470 2959 1626 3040 cogitari,
1657 2957 1794 3023 eandem

378 3061 555 3128 dictionem
589 3063 633 3126 ah
662 3079 730 3127 uno
764 3063 948 3145 eodemque
980 3062 1140 3146 scriptore
1168 3064 1209 3128 de
1241 3062 1357 3128 eadem
1391 3080 1427 3126 re
1461 3079 1528 3127 non
1555 3060 1673 3126 eodem
1698 3076 1796 3124 sensu

378 3167 568 3246 usurpatam
595 3181 677 3230 esse.
737 3164 809 3231 Hoc
833 3165 934 3231 modo
960 3172 1055 3232 extra
1080 3151 1317 3231 dubitationem
1343 3181 1414 3231 esse
1442 3165 1601 3246 positum,
1625 3164 1796 3247 preshyte-

377 3285 433 3333 ros
454 3288 475 3334 a
500 3267 652 3332 secundis
678 3269 798 3348 nuptiis
823 3270 946 3344 arceri;
973 3268 1058 3334 hanc
1084 3286 1164 3334 vero
1191 3272 1297 3351 tegern
1319 3287 1340 3334 a
1362 3267 1454 3333 Pauli
1479 3268 1576 3348 genio
1598 3273 1630 3330 et
1648 3266 1798 3331 doctrina

377 3371 475 3454 plane
502 3388 573 3436 esse
600 3371 741 3436 alienam
768 3375 959 3453 certumque
982 3372 1174 3455 posterioris
1199 3373 1356 3456 temporis
1380 3371 1519 3452 signum.
1580 3367 1702 3434 Contra
1736 3368 1797 3433 Tit.
1935 3403 1943 3424 .

378 3468 454 3549 Ι,6
489 3474 580 3556 ioqui
615 3475 754 3539 Panium
786 3475 827 3540 de
852 3476 1055 3557 polygamia,
1082 3481 1150 3540 tum
1172 3475 1323 3551 iudaeis,
1358 3492 1498 3555 quorum
1521 3471 1616 3537 mniti
1641 3473 1739 3537 etiam
1762 3471 1797 3535 in

379 3575 476 3642 Creta
492 3576 623 3656 fuerint,
649 3578 777 3655 usitata,
804 3578 892 3671 quod
919 3578 1051 3660 quidem
1078 3596 1145 3644 non
1170 3584 1261 3645 certo
1287 3578 1418 3654 seimus,
1444 3595 1486 3642 ex
1513 3575 1694 3640 rationibus
1716 3590 1797 3638 vero

379 3696 480 3762 supra
501 3680 608 3745 allatis
634 3680 799 3763 conjicere
824 3698 1009 3762 possumus,
1034 3680 1092 3745 sed
1118 3681 1316 3764 presbyteris
1341 3680 1473 3745 vitanda
1498 3683 1530 3743 et
1555 3677 1728 3755 indecora,
1754 3693 1798 3741 ex

378 3798 445 3864 quo
469 3782 546 3862 ioco
572 3799 672 3864 quum
699 3783 840 3866 scriptor
861 3783 886 3849 Ι.
912 3784 995 3848 Tim.
1022 3785 1259 3867 praescriptum
1284 3783 1366 3851 iliud
1400 3781 1634 3863 desumpserit,
1670 3779 1729 3845 sed
1762 3783 1798 3843 ut

379 3885 471 3949 iocus
497 3886 535 3963 V,
561 3878 585 3950 9
613 3885 763 3951 ostendat
786 3886 874 3951 male
899 3887 1098 3952 intellectum
1123 3886 1218 3952 etad
1240 3887 1291 3952 sui
1315 3886 1472 3969 temporis
1498 3901 1608 3949 mores
1623 3883 1797 3960 detortum,

381 4003 504 4052 novum
530 4005 602 4054 esse
629 3988 873 4067 documentum,
903 3989 927 4053 Ι.
954 3990 1036 4055 Tim.
1063 4007 1135 4054 esse
1165 3991 1385 4074 compilatam.
1436 3987 1486 4053 hd
1522 3987 1668 4052 officium
1703 4003 1797 4067 pres-

380 4091 570 4170 byterorum
598 4093 649 4171 iv,
678 4086 724 4158 14
751 4097 969 4157 memoratum
996 4093 1087 4176 qnod
1111 4094 1262 4170 attineat,
1294 4094 1359 4159 hoc
1384 4093 1525 4175 primum
1551 4106 1698 4172 pugnare
1721 4106 1796 4154 eum

379 4192 419 4256 11.
445 4192 527 4258 Tim.
554 4195 577 4270 Ι,
611 4189 651 4272 6,
678 4195 735 4260 uhi
761 4196 882 4261 Paulus
908 4197 999 4261 eolus
1021 4197 1195 4261 Timotheo
1218 4214 1335 4262 manus
1358 4194 1554 4278 imposuisse
1580 4197 1612 4256 et
1633 4191 1797 4257 charisma

380 4296 596 4376 impertivisse
630 4297 774 4375 dicatur,
811 4303 880 4363 tum
906 4304 1017 4363 autem
1047 4301 1146 4364 etiam
1170 4317 1245 4365 cum
1272 4298 1407 4365 Constit.
1433 4296 1535 4363 Ciem.
1560 4295 1642 4373 vlit,
1670 4289 1717 4361 16
1740 4294 1812 4359 uhi.

382 4398 561 4481 presbyteri
587 4397 629 4462 ah
656 4403 819 4483 episcopis
842 4401 1026 4467 consecrati
1052 4419 1124 4467 esse
1150 4402 1377 4484 praesentibus
1403 4399 1535 4482 quidem
1553 4398 1611 4462 sed
1629 4414 1696 4462 non
1715 4414 1797 4462 coo-

382 4501 570 4585 perantibus
596 4505 734 4568 caeteris
764 4505 961 4586 preshyteris
995 4503 1164 4583 dicantur,
1199 4522 1263 4587 qna
1297 4505 1337 4569 de
1371 4522 1406 4568 re
1430 4520 1502 4567 mos
1530 4501 1585 4566 ilie
1611 4500 1632 4566 l.
1656 4502 1676 4564 Ι.
1704 4518 1796 4566 com·

382 4607 581 4670 memoratus
614 4622 682 4670 non
716 4607 780 4671 iate
814 4608 848 4672 in
881 4609 1020 4674 ecclesia
1048 4608 1197 4689 vulgatus
1234 4607 1396 4690 putandus
1431 4607 1482 4671 sit.
1533 4595 1638 4668 'loco
1670 4603 1708 4680 V,
1750 4595 1797 4666 17

382 4706 663 4774 Schleiermacher
695 4691 836 4794 διπλῆν
864 4699 977 4802 τιμήν
1011 4711 1145 4778 nonde
1172 4711 1292 4795 duplici
1316 4710 1478 4795 stipendio
1504 4705 1701 4791 preshyteris
1721 4720 1796 4768 mu-

1470 4837 1515 4901 fi*
