4350 5586
1159 501 1201 564 tu

450 695 655 766 progressam
680 676 783 741 rideri
808 676 1090 754 constitutionem,
1124 693 1223 759 quam
1248 694 1331 742 aevo
1358 680 1491 762 paulino
1517 679 1671 745 idoneum
1700 678 1758 754 sit,
1783 696 1864 744 con-

450 785 594 849 tendunt.
645 779 810 844 Eichhorn
841 778 1005 860 protectus
1040 780 1083 844 ab
1114 797 1154 845 ea
1179 781 1357 858 sententia,
1395 800 1493 864 quam
1524 801 1597 864 pag.
1624 774 1673 847 26
1697 783 1866 863 proposui,

448 887 543 963 dicit,
576 883 718 947 describi
752 882 784 945 in
815 882 953 963 epistota
987 880 1162 946 adTitum
1185 884 1366 965 simplicem
1393 885 1658 951 constitutionem
1682 880 1864 949 minoribus

448 988 594 1055 ecetesits
618 985 790 1059 idoneam,
817 983 852 1046 in
874 984 1013 1066 epistota
1037 989 1147 1050 autem
1172 987 1285 1068 priore
1307 985 1349 1050 ad
1376 985 1582 1053 Timotheum
1608 986 1788 1070 majoribus
1810 1005 1865 1051 ec-

449 1093 555 1157 ctesiis
578 1085 860 1154 accommodatam
884 1086 1025 1168 ideoque
1051 1089 1155 1169 magis
1177 1088 1407 1172 compositam.
1457 1091 1571 1171 ltaque
1596 1090 1631 1155 in
1649 1089 1709 1154 Tit.
1728 1090 1865 1171 presby·

451 1203 538 1260 teros
567 1196 693 1256 tantum
728 1190 999 1267 commemorari,
1033 1191 1067 1254 in
1096 1190 1120 1256 Ι.
1152 1190 1234 1257 Tim.
1267 1196 1378 1257 autem
1411 1197 1541 1273 praeter
1573 1193 1647 1258 ittos
1675 1192 1866 1275 episcopum

449 1297 716 1382 presbyterorum
736 1293 927 1374 principem,
952 1292 1039 1375 quod
1063 1310 1105 1357 ex
1130 1295 1270 1360 articulo
1296 1295 1447 1377 apposito
1474 1290 1538 1381 (111,
1565 1285 1609 1382 2.)
1635 1301 1808 1377 appareat,
1835 1300 1866 1359 et

450 1402 607 1466 diaconos
631 1401 663 1460 et
688 1395 900 1472 diaconissas,
923 1395 1119 1477 stipendium
1143 1398 1339 1479 presbyteris
1365 1397 1565 1474 donandum,
1591 1397 1733 1478 denique
1754 1415 1866 1462 curam

450 1518 632 1586 pauperum
670 1499 816 1563 maxime
845 1497 1029 1562 viduarum.
1073 1491 1195 1564 'Simul
1223 1500 1374 1579 elucere,
1404 1500 1582 1566 institutum
1608 1499 1866 1564 diaconissarum
1961 1530 1966 1537 ⁴

451 1606 532 1672 oriri
571 1604 712 1686 primum
748 1600 912 1681 coepisse,
948 1618 1050 1681 quum
1075 1601 1215 1684 scriptor
1241 1604 1360 1683 partim
1386 1602 1427 1666 de
1453 1604 1613 1668 uxoribus
1640 1601 1866 1677 diaconorum,

452 1726 536 1792 quae
560 1707 647 1769 viros
671 1703 827 1786 adjuvare
853 1703 994 1768 debeant
1018 1704 1052 1768 in
1075 1721 1212 1770 munere
1236 1706 1407 1787 loquatur,
1437 1712 1468 1771 et
1494 1705 1607 1788 quales
1633 1721 1704 1769 esse
1727 1705 1868 1772 debeant

452 1809 648 1896 praecipiat,
681 1808 800 1889 partim
820 1804 863 1869 de
889 1806 1081 1872 diaconissis
1107 1807 1273 1872 indefinite
1299 1812 1425 1873 tantum
1452 1815 1484 1873 et
1508 1808 1694 1893 promiscue
1718 1806 1759 1872 de
1783 1827 1867 1891 pau-

452 1931 568 1998 perum
591 1927 673 1974 cura
696 1910 798 1973 verba
822 1907 944 1983 iaciat;
966 1925 1011 1973 ex
1036 1913 1106 1975 tota
1126 1911 1264 1993 epistota
1287 1911 1383 1987 attici,
1405 1912 1517 1976 omnia
1532 1912 1692 1994 epistolae
1707 1912 1868 1992 praescri-

450 2024 507 2100 pta
538 2032 612 2079 cum
646 2013 739 2076 Pauli
769 2011 918 2075 doctrina
943 2013 1130 2076 consentire
1162 2012 1314 2094 quidem,
1349 2031 1448 2095 quum
1470 2032 1556 2094 quae
1584 2031 1671 2078 nova
1698 2015 1868 2097 protulerit

451 2121 591 2201 scriptor
616 2133 659 2179 ex
684 2115 757 2178 aiiis
783 2114 928 2195 epistolis
954 2115 1094 2196 paulinis
1120 2117 1298 2197 collegerit,
1324 2116 1381 2179 sed
1408 2115 1518 2183 addita
1543 2134 1626 2191 esse,
1652 2119 1688 2179 ut
1712 2118 1869 2182 constitu-

452 2225 574 2289 tionem
601 2218 643 2283 ad
669 2217 831 2299 majorum
854 2217 1067 2282 ecclesiarum
1092 2223 1213 2286 statum
1229 2225 1261 2283 et
1275 2219 1484 2284 necessitates
1503 2226 1577 2303 apte
1593 2219 1869 2285 accommodaret.

570 2322 756 2388 Monstrare
780 2320 878 2400 igitur
901 2324 1002 2384 totam
1029 2320 1202 2401 epistotam
1228 2320 1270 2387 ad
1296 2322 1400 2387 serius
1423 2328 1568 2406 tompus,
1603 2321 1659 2387 ubi
1682 2323 1786 2387 auctis
1813 2341 1870 2386 ec·

452 2429 572 2495 etesiae
602 2422 848 2488 necessitatibus
874 2429 971 2491 aucto
994 2424 1243 2504 magistratuum
1268 2429 1301 2488 et
1325 2425 1549 2490 ministrorum
1571 2441 1710 2489 numero
1740 2424 1870 2490 satista-

452 2528 604 2626 ciendum
627 2531 708 2590 erat.
767 2525 856 2591 Baur
881 2532 1055 2608 postquam
1081 2543 1124 2591 ex
1148 2527 1284 2608 singuiis
1309 2528 1476 2593 sententiis
1499 2528 1712 2611 epistotamm
1733 2529 1869 2594 conctu-

452 2637 503 2711 sit,
528 2648 585 2697 eas
607 2630 641 2692 in
662 2629 844 2693 haereticos
871 2645 942 2695 esse
966 2628 1105 2693 directas
1127 2646 1168 2694 eo
1192 2631 1337 2695 maxime
1361 2632 1500 2696 consitio
1526 2631 1661 2713 scriptas
1686 2648 1759 2696 esse
1781 2629 1868 2706 dicit,

452 2744 489 2802 ut
508 2733 690 2800 haereticos
712 2736 901 2795 coercerent
921 2735 955 2796 et
979 2733 1022 2796 ah
1045 2732 1184 2798 ecetesta
1208 2732 1438 2810 defenderent,
1462 2739 1531 2799 tum
1556 2734 1783 2799 conservanda
1800 2739 1869 2799 tra·

452 2841 539 2904 ditae
566 2836 607 2899 ab
631 2835 789 2917 apostolis
816 2831 983 2899 doctrinae
1009 2835 1159 2916 puritate,
1180 2840 1250 2901 tum
1277 2836 1418 2901 ecclesia
1437 2836 1521 2901 bene
1536 2837 1771 2904 constituenda.
1802 2834 1869 2902 Ex-

452 2943 561 3025 posito
589 2937 707 3002 deinde
732 2934 910 3002 secundum
934 2942 1029 3002 suam
1053 2939 1248 3004 sententiam
1270 2939 1481 3022 epistolarum
1506 2944 1715 3020 argumento,
1747 2931 1879 3005 consti-¹

454 3045 613 3110 tutionem
645 3042 803 3106 ecciesiae
834 3057 1036 3123 magnopere
1060 3040 1131 3123 jam
1154 3043 1319 3107 excultam
1345 3047 1377 3106 et
1403 3058 1610 3124 progressam
1641 3041 1739 3106 iniis
1765 3041 1868 3107 rideri

454 3145 630 3221 contendit,
657 3159 782 3225 quaec
807 3145 892 3207 statu
915 3143 1073 3208 ecciesiae
1099 3145 1302 3225 apostolicae
1322 3143 1420 3224 terge
1439 3145 1581 3209 recedat.
1632 3144 1870 3210 Paulumenim

453 3266 616 3331 nusquam
640 3251 731 3311 tanto
754 3243 863 3310 studio
887 3244 930 3310 de
955 3246 1187 3311 constitutione
1211 3249 1370 3313 ecciesiae
1396 3247 1497 3328 ioqui,
1522 3249 1624 3313 semei
1650 3253 1775 3313 tantum
1801 3249 1872 3331 epi·

453 3369 573 3435 scopos
604 3353 637 3413 et
668 3347 828 3415 diaconos
861 3365 1122 3414 commemorare
1157 3344 1272 3435 (Puttp.
1296 3352 1327 3426 l,
1356 3344 1388 3437 1)
1424 3356 1457 3416 et
1488 3350 1544 3416 ubi
1574 3351 1652 3415 vitia
1676 3350 1873 3433 corrigenda

453 3460 536 3528 sint,
563 3469 692 3534 semper
715 3457 818 3517 totam
840 3453 1012 3517 eeclesiam
1034 3452 1219 3529 cohortari,
1245 3458 1278 3518 at
1301 3469 1369 3517 non
1391 3453 1601 3535 presbyteros
1624 3456 1662 3518 ut
1686 3455 1756 3536 ejus
1780 3454 1872 3534 prin·

455 3563 545 3642 cipes
571 3561 604 3620 ct
629 3556 834 3638 praefectos,
867 3571 983 3621 verum
1010 3555 1131 3618 uostris
1156 3556 1455 3639 epistolissumma
1480 3561 1639 3637 potestate
1658 3561 1698 3620 'et
1727 3556 1872 3620 auctori·

455 3668 521 3728 tate
543 3678 603 3724 eos
628 3659 795 3740 praeditos
818 3673 908 3733 esse,
942 3659 981 3722 iis
1001 3674 1135 3721 omnem
1160 3658 1194 3721 in
1218 3658 1357 3724 ecclesia
1382 3676 1493 3723 rerum
1515 3658 1735 3740 gerendarum
1760 3674 1872 3723 curam

455 3763 704 3838 demandatam,
736 3761 842 3841 iisque
867 3776 1033 3826 summum
1053 3760 1230 3843 imperium
1255 3763 1397 3827 dotatum
1423 3761 1537 3826 videri.
1589 3760 1677 3841 Quin
1703 3759 1800 3824 etiam
1821 3760 1873 3824 di-

456 3867 575 3949 stingui
597 3866 666 3948 jam
693 3866 778 3929 inter
807 3865 1015 3945 presbyteros
1036 3868 1068 3927 ot
1096 3864 1269 3946 episcopos
1293 3865 1368 3929 ioco
1391 3864 1453 3929 Tic
1475 3864 1507 3942 l,
1531 3857 1572 3938 5,
1597 3879 1674 3928 nam
1701 3879 1802 3944 quum
1828 3863 1873 3927 ibi

456 3970 591 4053 pturatis
609 3955 885 4063 πρεσβυτέρους
908 3969 951 4033 ad
978 3965 1218 4032 distributivum
1240 3956 1349 4040 nard
1369 3953 1485 4038 πόλιν
1509 3964 1700 4030 reterendus
1719 3965 1779 4043 sit,
1814 3983 1874 4030 ne·
1900 4009 1902 4013 ψ

457 4072 601 4138 cessario
624 4072 721 4146 ettici,
747 4071 780 4133 in
795 4085 993 4152 unaquaque
1008 4070 1091 4133 urbe
1109 4087 1212 4135 unum
1231 4073 1356 4134 tantum
1373 4069 1598 4152 presbyterum
1625 4068 1765 4132 eiectum
1791 4085 1874 4145 esse,

458 4177 514 4259 qui
539 4176 671 4239 nomine
695 4170 842 4254 episcopi
859 4189 948 4250 usus,
969 4188 1133 4236 summum
1152 4172 1311 4237 ecciesiae
1331 4174 1503 4255 imperium
1521 4176 1657 4245 teneret,
1680 4171 1742 4235 hos
1759 4188 1895 4237 omnes·

458 4284 566 4345 autem
598 4278 770 4358 episcopos
804 4275 997 4356 conjunctos
1029 4275 1237 4356 presbyteros
1271 4292 1343 4341 esse
1370 4275 1556 4339 nominatos
1578 4279 1611 4338 et
1636 4275 1695 4338 toti
1717 4276 1874 4340 ecciesiae

457 4389 493 4447 ut
526 4381 678 4444 dominos
708 4380 897 4459 imperasse.
956 4379 1006 4444 ah
1037 4377 1087 4441 his
1113 4395 1214 4459 porro
1241 4378 1351 4443 officia
1378 4377 1535 4459 postutari
1560 4394 1644 4457 quae
1677 4379 1874 4460 praecipuae

457 4483 635 4550 sanctitatis
657 4481 844 4545 testimonia
869 4482 943 4555 sint,
966 4499 999 4546 r.
1023 4499 1052 4544 c.
1078 4485 1114 4543 ut
1139 4498 1160 4545 a
1185 4481 1335 4545 secundis
1356 4480 1476 4561 nuptiis
1498 4479 1700 4552 abstineant:
1726 4481 1787 4545 Tit.
1802 4480 1826 4555 1,
1840 4474 1874 4555 6,

458 4589 586 4652 enima
613 4583 915 4649 Schleiarmachero
940 4584 1038 4665 plane
1066 4583 1240 4648 arbitraris
1275 4588 1308 4647 et
1337 4599 1490 4664 perverse
1523 4574 1557 4647 ut
1590 4590 1706 4650 contra
1737 4584 1874 4665 polyga-

458 4692 557 4758 miam
593 4688 750 4752 directum
785 4685 960 4768 explicari,
992 4688 1107 4749 contra
1138 4686 1162 4750 i.
1188 4685 1270 4750 Tim
1296 4685 1350 4764 lii,
1377 4675 1417 4764 2,
1452 4687 1489 4762 V,
1514 4679 1602 4752 ttae
1629 4685 1873 4767 deuterogamia
