4350 5586
1056 398 1097 461 50

484 582 521 647 ln
544 580 733 646 universum
756 578 916 659 igiturex
941 574 1166 655 disquisitione
1192 578 1403 643 antecedente
1420 577 1569 657 efficitur,
1590 579 1793 661 scriptorem

373 688 397 752 l.
424 684 505 751 Tim.
531 684 630 749 fidem
657 681 867 747 christianam
893 677 934 743 ab
959 678 1124 743 erroribus
1150 680 1344 758 quibusdam
1370 681 1546 747 defendere
1571 682 1735 747 studuisse
1753 688 1793 747 et

373 791 437 855 hoo
462 786 562 853 modo
585 785 827 852 confessionem
854 781 1011 847 ecclcsiae
1037 781 1220 846 accuratius
1235 785 1427 866 exposuisse
1447 789 1479 849 ct
1496 785 1669 862 definiisse,
1694 785 1791 868 quod
1858 860 1871 887 κ
1940 806 1949 823 ·

374 893 445 959 sine
475 891 576 957 dnbio
606 887 740 953 serioris
775 886 929 967 temporis
961 889 1009 949 est
1034 885 1173 965 signum.
1238 883 1348 964 Quare
1375 888 1410 951 in
1434 888 1501 953 fine
1533 889 1681 969 opusculi
1707 906 1788 953 cum

374 995 495 1060 Baurio
523 990 707 1057 consentire
732 1004 865 1070 possum
892 986 1005 1063 rideri,
1031 987 1123 1069 cujus
1146 992 1255 1051 tamen
1276 990 1452 1053 sententias
1477 1008 1536 1073 per
1562 996 1665 1056 totum
1682 1008 1789 1074 opus-

374 1099 484 1165 culum
510 1094 653 1161 retutare
678 1107 886 1174 summopere
911 1089 1036 1165 studui;
1062 1090 1119 1154 sed
1145 1090 1272 1154 disertis
1295 1092 1404 1157 verbis
1429 1092 1498 1157 dixi
1518 1095 1681 1159 etiterum
1698 1093 1790 1171 dico,

373 1219 428 1267 me
453 1202 579 1282 putare,
605 1194 798 1277 scriptorem
824 1195 848 1259 l.
870 1192 952 1256 Tim.
978 1210 1045 1256 non
1072 1193 1134 1256 nisi
1160 1199 1274 1258 contra
1298 1195 1425 1259 semina
1451 1198 1482 1258 et
1507 1197 1686 1277 primordia
1711 1196 1791 1278 opi·

374 1304 512 1369 nionnm
538 1298 757 1380 gnosticorum
784 1296 992 1379 pugnavisse,
1017 1300 1048 1359 et
1073 1313 1139 1376 quo
1164 1298 1283 1361 clarius
1309 1299 1408 1362 etiam
1424 1304 1589 1379 appareat,
1614 1317 1667 1364 me
1682 1300 1791 1365 multo

375 1406 465 1489 prius
493 1417 591 1484 quam
617 1401 772 1465 Baurium
798 1399 952 1479 scriptam
985 1398 1157 1479 epistolam
1190 1400 1360 1479 arbitrari,
1391 1401 1534 1466 breviter
1566 1401 1704 1485 adjicio,
1742 1419 1789 1467 ex

377 1511 451 1573 loco
473 1504 497 1569 l.
522 1504 604 1568 Tim.
632 1504 668 1581 v,
694 1494 740 1568 18
767 1520 833 1567 nou
860 1501 1046 1565 necessario
1072 1501 1224 1565 concludi
1243 1520 1352 1583 posse,
1377 1504 1466 1567 illam
1483 1507 1674 1571 sententiam
1690 1503 1790 1571 Chri-

376 1612 417 1676 sti
442 1608 518 1672 Luc.
546 1607 585 1683 X,
607 1600 631 1673 7
658 1623 700 1670 ex
721 1605 843 1687 scripto
862 1601 932 1683 jam
959 1604 1130 1683 evangelio
1155 1604 1274 1680 afferri,
1300 1613 1332 1671 et
1357 1609 1499 1687 pessime
1524 1608 1690 1674 fundatam
1713 1609 1789 1688 pla·-

376 1727 483 1792 neque
510 1709 626 1775 miram
649 1708 760 1773 Baurii
785 1708 977 1772 sententiam
1002 1722 1092 1783 esse,
1125 1706 1300 1772 secundam
1333 1726 1431 1790 quam
1458 1710 1641 1786 contendit,
1675 1712 1786 1775 locum

377 1817 401 1880 l.
428 1814 510 1877 Tim.
536 1812 598 1889 lll,
627 1803 673 1876 16
701 1811 871 1876 extribus
907 1809 1060 1890 gnosticis
1094 1813 1126 1872 et
1159 1810 1262 1874 tribus
1296 1812 1517 1892 antignosticis
1543 1814 1787 1879 delinitionibus

378 1934 450 1982 esse
476 1915 694 1997 compositum
720 1930 789 1991 seu,
810 1913 838 1976 si
861 1912 1026 1987 malueris,
1051 1911 1235 1977 contusum.

488 2016 543 2082 Sic
567 2019 665 2082 etiam
692 2033 733 2079 ex
759 2014 894 2079 secundi
920 2014 1033 2095 capitis
1057 2014 1336 2095 disquisitionibus
1363 2020 1509 2097 apparet,
1534 2016 1562 2080 si
1580 2034 1622 2080 ex
1642 2017 1682 2080 iis
1697 2034 1786 2082 nunc

378 2139 438 2204 pro
466 2121 588 2184 viribus
616 2119 819 2200 pertractatis
845 2134 1008 2182 summam
1034 2116 1210 2191 allicimus,
1244 2119 1387 2199 priorem
1413 2118 1456 2182 ad
1482 2119 1688 2197 Timotheum
1715 2120 1787 2201 epi-

378 2224 495 2289 stolam
519 2221 666 2304 plurimis
693 2221 891 2303 implicatam
917 2237 988 2285 esse
1022 2218 1264 2284 difficultatibus
1298 2226 1331 2284 et
1363 2220 1637 2298 dubitationibus,
1672 2227 1786 2286 contra

379 2325 550 2408 epistolam
586 2323 628 2388 ad
664 2322 773 2387 Titum
808 2326 840 2386 et
872 2323 910 2386 ll.
944 2322 986 2387 ad
1020 2319 1102 2386 Tim.
1131 2322 1228 2387 iacils
1261 2324 1302 2388 ab
1328 2324 1517 2389 criminibus
1543 2328 1575 2388 el
1600 2324 1788 2406 opprobriis

379 2427 522 2510 purgari.
578 2425 671 2491 Nunc
704 2425 784 2490 mihi
810 2430 929 2501 restat,
956 2427 991 2488 ut
1016 2442 1131 2489 omnes
1151 2425 1356 2491 difficultates
1383 2434 1415 2490 et
1440 2428 1675 2503 dubitationes,
1703 2444 1788 2509 quae

378 2532 403 2596 l.
425 2531 508 2595 Tim.
534 2532 692 2612 premant,
717 2530 877 2593 inunum
903 2528 1055 2608 colligam
1080 2532 1178 2609 atque
1202 2546 1245 2593 ex
1270 2531 1309 2594 iis
1334 2529 1362 2592 si
1388 2529 1459 2594 tisri
1484 2531 1605 2612 poterit
1628 2532 1788 2611 originem

380 2634 540 2715 epistolae
567 2632 746 2714 explicem,
780 2647 846 2711 quo
872 2630 907 2694 in
934 2647 1035 2712 opere
1062 2631 1134 2712 plus
1157 2649 1256 2714 quam
1279 2632 1358 2697 alias
1384 2633 1463 2696 mihi
1489 2651 1572 2714 opus
1599 2638 1646 2697 est
1671 2633 1789 2698 huma-

380 2737 480 2802 nitate
504 2740 536 2799 et
558 2734 759 2815 indulgentia
784 2749 917 2808 eorum,
943 2733 999 2815 qui
1021 2732 1104 2798 haec
1125 2752 1201 2800 mea
1224 2736 1342 2815 legent,
1365 2752 1465 2816 quum
1487 2735 1615 2799 delectu
1639 2737 1788 2800 omnium

380 2845 543 2905 certarum
570 2837 728 2903 historiae
759 2835 972 2901 traditionum
996 2835 1076 2900 nihil
1103 2838 1164 2901 nisi
1190 2855 1280 2902 meas
1307 2839 1511 2920 conjecturas
1537 2837 1675 2902 tortasse
1700 2839 1789 2904 male

379 2942 546 3016 fundatas,
581 2956 767 3024 proponere
801 2939 934 3021 possim.
992 2936 1043 3002 Ex
1071 2937 1349 3021 disquisitionibus
1381 2941 1476 3023 primi
1500 2941 1613 3022 capitis
1638 2941 1787 3016 eflicitur,

377 3046 401 3111 l.
421 3045 502 3110 Tim.
520 3044 554 3108 in
579 3042 672 3109 Pauli
693 3044 758 3108 vita
783 3059 851 3107 non
876 3042 998 3107 habere
1023 3041 1144 3121 locum,
1168 3044 1197 3107 si
1221 3043 1320 3108 fidem
1345 3043 1534 3107 historicam
1555 3047 1710 3109 hetorum
1736 3044 1789 3107 in-

379 3163 572 3212 concussam
598 3145 783 3227 relinquere
809 3145 980 3221 volumus,
1012 3149 1109 3227 atque
1142 3162 1265 3210 nexum
1289 3147 1545 3220 sententiarum,
1572 3146 1688 3223 tinem,
1720 3165 1786 3227 quo

379 3249 499 3332 scripta
526 3266 597 3313 esse
623 3249 720 3325 velit,
751 3247 891 3328 deniquo
918 3252 1145 3327 argumentum
1169 3265 1236 3313 non
1263 3250 1307 3315 ita
1333 3250 1504 3331 perspicue
1532 3265 1604 3312 esse
1628 3250 1786 3331 exposita,

380 3370 479 3435 quarn
504 3352 538 3415 in
564 3352 636 3417 aliis
658 3351 751 3417 Pauli
778 3349 934 3432 epistolis,
961 3355 997 3414 ut
1022 3351 1119 3415 etiam
1142 3368 1264 3432 magna
1288 3357 1460 3417 moveatur
1484 3352 1638 3432 suspicio,
1664 3353 1787 3434 episto·

381 3456 447 3522 tam
477 3472 519 3519 ex
545 3453 670 3519 duabus
697 3442 836 3533 reliquis
859 3453 1005 3535 epistolis
1031 3455 1247 3534 pastoralibus
1277 3473 1347 3519 esse
1378 3455 1597 3536 compilatam.
1646 3453 1698 3520 Ex
1721 3455 1787 3519 dis-

380 3557 609 3642 quisitionibus
635 3562 744 3621 autem
769 3556 903 3621 secundi
927 3556 1042 3637 capitis
1067 3558 1223 3633 efficitur,
1248 3559 1418 3641 epistolam
1444 3557 1650 3640 presbyteris,
1675 3557 1790 3624 diaco·

379 3663 429 3727 nis
452 3664 483 3724 et
509 3659 701 3724 diaconissis
727 3658 886 3725 secundas
912 3661 1042 3741 nuptias
1068 3662 1280 3739 interdicere,
1304 3665 1446 3725 statuere
1472 3661 1567 3724 bonis
1593 3662 1789 3743 presbyteris

379 3762 593 3845 stipendium,
635 3761 743 3827 lacere
775 3761 993 3828 difficiliorem
1017 3762 1141 3829 aditum
1172 3764 1213 3828 ad
1247 3763 1398 3829 ordinem
1432 3763 1707 3838 diaconissarum,
1747 3780 1789 3826 ne

381 3866 490 3947 plnres
515 3868 549 3931 in
571 3882 646 3931 enm
672 3865 886 3946 recipiantur,
912 3868 1153 3947 praescribere,
1186 3871 1221 3930 ut
1246 3868 1371 3932 cautius
1396 3866 1429 3930 in
1455 3864 1648 3948 recipiendis
1674 3870 1706 3931 et
1728 3867 1789 3931 ba·

380 3966 539 4051 ptizandis
564 3968 746 4033 christianis
772 3973 905 4047 agatur,
942 3967 1082 4050 denique
1117 3970 1298 4034 accuratius
1333 3969 1464 4034 delinita
1498 3969 1705 4034 consessione
1728 3986 1790 4033 na·

380 4075 507 4136 scentes
534 4088 663 4137 errores
688 4070 867 4152 reprimere
892 4070 1033 4136 studere.
1086 4068 1179 4148 Quae
1206 4091 1307 4151 quum
1333 4072 1445 4136 omnia
1471 4070 1580 4151 quoad
1607 4071 1647 4137 ad
1670 4076 1788 4137 statum

382 4173 540 4239 ecclesiae
563 4178 726 4256 spectant,
759 4173 1026 4248 considerentur,
1053 4173 1148 4238 facile
1173 4174 1379 4256 intelligitur,
1406 4173 1577 4237 ecclesiam
1600 4175 1671 4257 jam
1694 4175 1789 4239 valde

383 4280 512 4343 aticum
539 4293 611 4342 esse
637 4282 668 4341 et
693 4276 817 4341 turbari
843 4280 993 4356 coeptam
1018 4280 1049 4338 et
1075 4277 1241 4342 erroribus
1263 4278 1503 4343 haereticorum
1529 4277 1737 4343 nascentibus
1759 4281 1792 4340 et

381 4380 467 4445 viliis
496 4385 645 4447 recenter
679 4384 904 4460 receptorum,
937 4396 1037 4459 quum
1068 4379 1275 4444 multitudine
1307 4379 1559 4445 christianorum
1590 4381 1789 4445 increscente

384 4484 483 4548 etiam
517 4482 596 4547 mali
629 4484 663 4547 in
690 4483 861 4548 ecclesiam
888 4480 984 4545 tacite
1009 4481 1131 4544 intrare
1157 4486 1290 4563 possent
1317 4477 1365 4565 (ll.
1393 4483 1474 4548 Tim.
1500 4482 1539 4559 ll,
1565 4473 1636 4569 20).
1686 4487 1788 4548 hnuto

383 4590 491 4652 autem
517 4585 656 4651 ecclesia
680 4589 711 4647 el
734 4583 844 4649 cilicia
869 4582 1063 4665 laboresque
1090 4583 1354 4665 presbytororum
1380 4590 1464 4652 aucti
1486 4590 1571 4664 sunt,
1596 4586 1789 4667 itaquema·
