4350 5586
1080 524 1122 588 29

393 711 512 775 stolam
536 705 576 770 ad
603 704 751 769 intimum
777 719 948 768 servorum
975 701 1124 768 ordinem
1152 705 1183 765 et
1220 699 1341 765 addere
1364 704 1524 783 quaedam
1552 709 1592 774 de
1619 710 1800 784 lraereticls,

394 814 435 876 da
461 809 613 874 divitibus
636 810 668 870 et
693 807 733 871 de
754 805 928 870 Timotheo
949 805 1034 886 ipso.
1097 803 1150 870 Sic
1178 803 1349 885 epistolam
1386 823 1407 871 a
1432 825 1560 877 summo
1586 813 1628 876 ad
1655 813 1802 878 iutlmurn

393 912 591 977 descendere
621 908 771 974 ordinem
805 912 837 972 et
862 910 925 973 bac
950 909 1107 989 primaria
1130 906 1290 971 sententia
1316 910 1428 974 omnia
1449 921 1535 977 recta
1561 915 1734 997 conjungi,
1767 923 1803 979 ut

393 1013 682 1080 Scbleiermacberi
717 1012 830 1094 opinio
864 1012 934 1075 sino
968 1010 1069 1076 dubio
1108 1009 1191 1075 latsa
1224 1010 1274 1073 sit
1335 1009 1385 1075 Ex
1412 1016 1563 1081 omnibus
1587 1035 1687 1094 vero,
1717 1034 1802 1099 quae

392 1118 529 1200 praebet
561 1116 716 1197 epistola,
761 1113 889 1178 iudiciis
923 1114 1012 1178 baur
1043 1113 1167 1193 colligit
1200 1114 1415 1192 seutentiam,
1452 1124 1597 1184 nostram
1629 1121 1799 1203 epistotam

390 1219 580 1284 sicutalias
605 1218 760 1300 epistolas
783 1218 964 1298 pastorales
986 1235 1006 1281 a
1039 1216 1131 1280 Pauli
1158 1213 1302 1296 quodam
1329 1216 1489 1300 discipulo
1515 1222 1625 1287 medio
1652 1224 1722 1288 lere
1747 1240 1801 1287 se·

390 1323 498 1388 cundo
518 1321 650 1387 saeculo
677 1320 875 1401 compositas
902 1320 1070 1399 editasque
1096 1334 1168 1382 esse
1194 1317 1235 1382 ad
1261 1314 1423 1384 sedandas
1448 1323 1638 1401 discordias,
1666 1326 1800 1408 quaein

388 1426 538 1490 Romana
572 1423 710 1488 ecclesia
743 1422 827 1486 inter
859 1420 1186 1487 Judaeocbristianos
1216 1423 1248 1483 ct
1279 1419 1490 1490 Marcionitas
1525 1433 1661 1493 exortae
1697 1435 1800 1494 erant.

389 1530 424 1593 ld
458 1529 545 1591 enim
577 1543 675 1606 agere
709 1529 897 1600 auctorem,
939 1531 975 1588 ut
1008 1524 1177 1604 utriusque
1213 1524 1312 1606 partis
1347 1526 1425 1590 vitia
1461 1535 1492 1592 et
1525 1531 1749 1596 aberrationes
1781 1549 1801 1597 a

389 1631 538 1697 doctriua
562 1646 640 1693 vere
663 1629 838 1692 christiana
862 1627 1080 1708 reprehendat
1105 1632 1137 1691 et
1157 1627 1221 1691 boc
1246 1627 1347 1693 modo
1373 1633 1586 1697 reconciliare
1610 1641 1640 1698 et
1669 1634 1700 1697 iu
1725 1635 1801 1698 unl-

388 1741 488 1800 tetem
514 1732 672 1797 ecclcsiae
694 1737 851 1811 utrosque
876 1729 1024 1812 redigere
1049 1730 1186 1793 studeat.
1239 1727 1314 1807 Quo
1337 1733 1474 1799 consilio
1501 1753 1528 1800 v.
1553 1756 1580 1801 c.
1607 1742 1721 1801 contra
1741 1736 1798 1802 Ju-

388 1837 668 1903 daeocbristianoe
702 1832 900 1897 contendere
930 1839 962 1897 et
987 1849 1156 1916 premere,
1188 1833 1341 1898 omuibus
1366 1835 1552 1904 bominibus
1577 1841 1714 1904 satutem
1743 1857 1800 1920 per

389 1940 553 2008 Christum
577 1937 755 2017 impertiri,
788 1942 902 2001 contra
930 1937 1096 2017 gnosticos
1127 1952 1207 1999 vero
1233 1937 1335 2002 multa
1355 1938 1438 2015 alia,
1473 1941 1505 2004 in
1533 1942 1650 2021 quibus
1677 1961 1695 2007 a
1722 1943 1800 2006 reti·

388 2046 486 2126 gione
518 2041 694 2106 christiana
726 2039 969 2116 aberraverint,
1006 2044 1133 2121 partem
1157 2043 1266 2102 autem
1293 2040 1378 2105 iuter
1410 2042 1471 2107 bos
1497 2042 1702 2109 adversarios
1729 2062 1800 2109 me·

387 2149 492 2223 diam,
522 2146 544 2209 i.
568 2164 597 2210 e.
621 2159 716 2206 suam
739 2148 883 2222 partem,
920 2141 1013 2206 Pauli
1044 2147 1222 2206 sectatores
1258 2143 1381 2207 hortari
1416 2145 1517 2223 illum,
1559 2153 1595 2211 ut
1627 2148 1797 2212 ecclesiam

385 2252 516 2315 lirmcut
542 2255 574 2312 et
598 2251 792 2311 conservent
825 2249 857 2308 et
889 2243 976 2308 bona
1002 2243 1232 2309 constitutione
1264 2250 1296 2309 et
1322 2247 1443 2312 tuenda
1468 2249 1636 2314 doctrinae
1661 2249 1798 2315 traditae

385 2353 536 2436 puritate,
561 2351 677 2430 hisque
703 2348 801 2412 rebus
824 2347 981 2428 paulatim
1006 2350 1040 2412 et
1064 2346 1387 2413 Judaeoobristianos
1409 2355 1441 2414 et
1465 2350 1675 2417 Marcionites
1702 2353 1797 2418 adse

384 2457 515 2521 trabant
540 2459 572 2518 et
597 2451 756 2522 ecclesiae
782 2450 994 2515 concordiam
1017 2451 1199 2514 restituant.
1256 2451 1345 2516 Haec
1377 2455 1522 2537 praecipi
1556 2455 1712 2537 epistotae
1742 2471 1798 2519 ar·

386 2562 558 2641 gemente,
585 2573 670 2637 quae
696 2553 737 2618 de
762 2553 826 2619 illis
852 2555 951 2618 rebus
973 2557 1048 2633 agat
1069 2558 1101 2617 ct
1126 2553 1260 2629 ultima,
1294 2571 1394 2635 quum
1417 2557 1486 2638 jam
1512 2558 1550 2628 ll.
1574 2558 1657 2623 Tim.
1684 2564 1716 2623 et
1735 2557 1796 2623 Tit

385 2661 483 2728 simili
511 2659 650 2723 consilio
679 2657 786 2722 editae
813 2656 886 2730 sint,
912 2674 954 2720 ex
980 2654 1030 2719 bis
1055 2656 1181 2720 duabus
1205 2658 1381 2740 compilata
1403 2664 1435 2723 et
1460 2661 1569 2725 multis
1596 2661 1675 2725 locis
1702 2665 1797 2726 aucta

386 2762 592 2841 consilioque
625 2760 767 2825 auctoris
802 2758 1052 2824 accommodata
1085 2759 1134 2823 sit.
1195 2757 1264 2823 llac
1297 2778 1357 2826 sua
1383 2763 1542 2827 sententia
1569 2764 1700 2829 domurn
1723 2779 1796 2828 om·

384 2885 443 2934 nes
477 2864 682 2930 difficultates
716 2869 749 2926 et
782 2861 1000 2928 dubitationes
1026 2861 1110 2926 solvi
1133 2866 1166 2926 et
1191 2864 1336 2927 amoveri
1364 2862 1452 2929 Baur
1477 2867 1661 2944 contendit,
1696 2883 1796 2948 ouum

383 2969 522 3051 tempori
549 2973 583 3034 et
615 2966 793 3032 conditioni
827 2966 985 3030 ecclesiae
1020 2965 1157 3029 omniuo
1190 2965 1404 3048 respondeat,
1437 2985 1664 3052 quamcunque
1697 2970 1796 3035 otiam

382 3091 463 3138 vero
489 3087 601 3136 rursus
623 3071 658 3134 in
685 3068 889 3134 difficultates
913 3067 1155 3135 inextricabiles
1181 3070 1368 3135 necessario
1391 3086 1463 3135 esse
1489 3072 1703 3138 incursuram.

494 3167 529 3238 6.
581 3171 726 3239 Gredner
766 3172 956 3254 simpliciter
988 3169 1290 3237 Schleiermacbero
1331 3166 1515 3238 adsentiens
1555 3193 1626 3239 esse
1668 3174 1795 3239 incom-

382 3283 470 3360 ptam
488 3281 520 3339 et
547 3276 765 3340 inordinatam
792 3275 974 3357 epistolam,
999 3275 1108 3337 multis
1135 3275 1216 3339 locis
1242 3294 1261 3340 a
1285 3274 1377 3339 Pauli
1405 3275 1552 3342 doctrina
1580 3276 1795 3349 recedentem.

381 3381 522 3461 ideoque
548 3380 651 3444 Paulo
677 3377 843 3458 indignam
869 3383 902 3442 et
926 3376 1178 3460 abjudicandam
1199 3376 1382 3455 contendit,
1415 3378 1472 3443 sed
1506 3397 1621 3445 causae
1647 3386 1679 3443 et
1711 3386 1796 3445 tem·

298 3503 303 3508 ·
381 3502 440 3567 pus
466 3481 668 3563 modumque
696 3481 832 3562 originis
858 3481 944 3545 illius
967 3480 1151 3546 accuratius
1175 3498 1241 3545 non
1268 3481 1445 3546 examinat.

493 3579 527 3650 7.
579 3583 771 3650 Neudecleer
795 3582 872 3647 dicit
897 3584 1069 3665 epistolam
1091 3583 1155 3647 llne
1180 3584 1337 3666 primario
1363 3601 1477 3649 carere
1502 3592 1534 3649 et
1559 3583 1601 3648 ab
1623 3584 1680 3648 illo
1696 3600 1793 3665 quem

381 3705 459 3771 prae
484 3705 520 3752 se
547 3689 631 3753 terat
654 3704 733 3751 mox
759 3687 915 3751 aberrare
940 3686 1056 3751 adres
1082 3687 1180 3767 plane
1206 3687 1342 3760 alienas,
1365 3690 1400 3751 ut
1425 3688 1515 3752 nulla
1540 3687 1700 3750 sententia
1725 3687 1793 3767 prt-

380 3794 485 3856 maria
509 3791 712 3865 inveniatur,
748 3807 833 3872 quae
859 3795 960 3854 totam
987 3789 1159 3870 epistolam
1186 3793 1295 3869 regat,
1329 3792 1361 3852 et
1385 3789 1506 3855 multae
1532 3806 1584 3853 res
1611 3789 1644 3853 in
1671 3805 1710 3852 ea
1733 3806 1792 3853 ex·

379 3901 543 3976 ponantur
569 3911 635 3958 non
663 3894 746 3956 bene
772 3894 974 3975 compositae
1000 3908 1062 3956 neo
1083 3893 1143 3955 rite
1168 3896 1395 3974 pertractatae,
1426 3892 1513 3973 quod
1541 3908 1640 3972 quum
1662 3896 1792 3956 nostrae

378 3998 535 4080 epistolae
568 3998 610 4062 sit
636 3996 826 4078 proprium,
862 3997 903 4059 ab
939 3993 1050 4060 indole
1077 4011 1156 4060 vero
1188 3995 1340 4059 aliarum*
1353 3994 1444 4059 Pauli
1472 3995 1683 4077 epistolarum
1710 3995 1792 4059 alie·

378 4101 556 4174 nissimum.
580 4104 667 4164 recte
693 4086 911 4170 dubitarian
938 4103 1051 4163 nostra
1076 4098 1214 4179 epistola
1240 4114 1317 4162 vere
1343 4097 1477 4180 pauline
1501 4098 1552 4162 sit.
1604 4097 1712 4175 Quum
1730 4114 1793 4162 au·

376 4210 441 4267 tem
469 4200 510 4267 ad
536 4201 620 4268 banc
647 4201 858 4266 dubitationis
883 4217 1016 4265 ceusam
1043 4199 1247 4266 indistinctus
1272 4206 1303 4264 et
1327 4200 1469 4265 incertus
1492 4201 1532 4265 de
1559 4198 1649 4264 taleis
1675 4199 1791 4265 docto-

376 4306 466 4370 ribus
492 4302 629 4386 aliisque
658 4305 755 4368 rebus
782 4303 936 4385 loquendi
963 4301 1082 4368 modus
1109 4303 1252 4379 accedat,
1279 4303 1334 4385 qui
1357 4303 1443 4386 apud
1469 4303 1605 4368 Paulum
1629 4319 1790 4385 nusquam

375 4406 568 4483 inveniatur,
594 4414 741 4471 nostram
762 4406 933 4489 epistolam
956 4423 1023 4471 nou
1044 4424 1106 4488 pro
1124 4424 1202 4472 vere
1220 4406 1353 4489 paulina
1372 4406 1567 4483 habendam,
1588 4405 1645 4471 sed
1664 4404 1790 4471 schlei-

375 4509 555 4577 ermacbert
578 4509 702 4591 judicto
730 4509 973 4574 assentiendum
1000 4524 1083 4574 esse.

485 4611 536 4676 Ex
572 4613 819 4693 comparatione
852 4611 1086 4678 sententiarum
1120 4612 1161 4675 de
1192 4611 1350 4693 epistolae
1375 4616 1568 4694 argumento
1595 4618 1628 4675 et
1653 4611 1788 4692 origiue,

374 4732 454 4796 quas
479 4716 592 4792 retuli,
615 4714 723 4779 statim
745 4720 898 4798 apparet,
924 4715 1042 4782 lu‘tria
1069 4731 1191 4795 genera
1212 4715 1285 4781 illas
1310 4731 1383 4780 esse
1409 4715 1619 4791 dividendas,
1646 4729 1785 4794 quorum
