4350 5586
857 1155 1298 1245 ARGUMENTUM.

377 1481 509 1538 Praelatio
532 1488 559 1537 et
583 1480 728 1554 expositio,
754 1481 891 1551 quomodo
914 1497 959 1535 ree
981 1497 1050 1535 nune
1074 1498 1105 1537 se
1128 1482 1227 1538 habeut
1236 1527 1556 1541 .......
1602 1504 1664 1559 pag,
1694 1491 1749 1542 ι..
1776 1493 1793 1544 3

1010 1653 1119 1709 CAPUT
1139 1656 1158 1709 Ι.

882 1757 1035 1822 PARS
1080 1759 1280 1823 PRIMA.

375 1882 414 1936 lle
436 1878 601 1952 argumentis
624 1878 830 1948 chronologicis
869 1920 1557 1937 ..............
1688 1887 1793 1941 4-23
1869 1918 1873 1929 .

427 2000 452 2063 §.
478 1998 504 2050 1.
550 1995 588 2048 De
611 1991 681 2048 l'auli
703 1991 759 2047 vita
817 2032 1557 2050 ...............
1690 2002 1793 2053 4-6

326 2159 329 2173 ,
427 2117 452 2178 §.
477 2116 505 2166 2.
551 2109 590 2164 De
614 2108 705 2177 ultera,
728 2123 796 2177 quae
819 2104 925 2175 dicitnr,
948 2105 1104 2178 captivitate
1126 2106 1198 2161 l'anli
1219 2123 1330 2163 romana
1393 2151 1398 2161 .
1445 2150 1452 2162 .
1498 2149 1504 2161 .
1551 2149 1556 2160 .
1690 2114 1793 2166 o-lo

426 2229 450 2292 §.
476 2228 504 2279 3.
549 2223 589 2278 De
610 2227 743 2293 tempore,
770 2236 823 2292 qno
847 2218 961 2292 epistola
983 2222 1059 2293 prior
1082 2221 1116 2276 ad
1137 2219 1304 2277 Timotheum
1325 2220 1427 2293 scripta
1448 2220 1483 2276 sit
1550 2264 1555 2274 .
1670 2225 1792 2279 to-lo

427 2342 452 2405 §.
476 2342 504 2393 4.
550 2336 589 2391 De
610 2342 744 2408 tempore,
768 2350 821 2405 quo
845 2333 961 2406 epistola
984 2336 1018 2391 ad
1041 2334 1124 2391 Titum
1147 2334 1305 2408 scriptasit
1337 2375 1555 2391 .....
1669 2337 1792 2392 15-re

426 2457 451 2520 §.
478 2454 504 2506 5.
550 2451 590 2507 De
612 2456 745 2521 tempore,
768 2463 822 2520 quc
846 2447 961 2520 epistole
986 2449 1125 2522 posterior
1148 2450 1182 2505 ad
1205 2448 1370 2506 Timotheum
1392 2447 1493 2520 scripta
1515 2447 1550 2504 eit
1667 2451 1792 2507 19-23

843 2612 994 2677 PARS
1039 2612 1327 2679 SECUNDA.

373 2735 521 2795 Conamina
544 2735 761 2793 adversariorum
783 2733 958 2807 epistolarum
980 2732 1096 2804 originis
1118 2732 1294 2806 explicandae
1336 2778 1553 2790 .....
1664 2740 1791 2795 24-36

424 2857 449 2920 §.
475 2854 501 2907 1.
546 2848 692 2923 donamina
714 2848 829 2921 originis
851 2847 984 2920 epistolae
1006 2846 1105 2919 priorie
1129 2848 1163 2903 ad
1186 2848 1353 2904 Timotheum
1377 2848 1554 2921 explicandae
1663 2855 1792 2909 24—32

424 2970 450 3033 ς.
474 2970 502 3021 2.
548 2963 695 3021 conamina
706 2962 819 3036 originis
832 2961 965 3035 epistolae
978 2959 1140 3033 posterioris
1151 2961 1186 3016 ad
1198 2960 1365 3018 Timotheum
1378 2962 1555 3036 explicandae
1665 2966 1790 3022 32-35

426 3084 451 3147 §.
475 3082 502 3134 3.
547 3078 694 3136 Cooamina
717 3076 830 3149 origiuie
854 3076 987 3149 epistolae
1009 3076 1044 3131 ad
1066 3075 1150 3130 Titum
1172 3076 1349 3147 explicandae
1388 3119 1395 3133 .
1441 3120 1447 3131 .
1493 3119 1500 3131 .
1546 3118 1552 3131 .
1664 3080 1790 3136 35-36

1003 3246 1111 3302 CAPUT
1132 3246 1164 3303 ll.

427 3367 451 3428 §.
480 3364 504 3415 l.
550 3360 593 3417 De
616 3360 781 3433 argumentis
803 3359 954 3432 apostolica
968 3390 1554 3416 ............
1665 3363 1789 3418 37-39

427 3481 452 3541 §.
477 3480 505 3531 2.
550 3475 589 3530 De
610 3473 807 3532 constitutione
828 3473 963 3530 ecclesiae
1022 3513 1553 3530 ...........
1663 3478 1790 3532 39-42

426 3592 451 3653 ς.
475 3589 503 3643 3.
548 3588 587 3643 De
608 3586 735 3645 institutis
758 3587 952 3646 ecelesiasticis
967 3628 1552 3645 ............
1662 3590 1788 3644 42—49

552 3701 683 3776 Epilogus
707 3741 1553 3759 .................
1664 3703 1789 3757 49-53
