4350 5586
668 1380 670 1391 Ι
783 1464 1391 1576 anunntnro

487 1778 582 1889 Non
609 1825 679 1888 sine
700 1840 822 1904 magno
856 1822 967 1904 aliquo
993 1824 1111 1888 timore
1136 1823 1311 1905 aggredior
1336 1839 1420 1905 opus
1446 1826 1733 1892 commentationis
1755 1827 1795 1892 de
1849 1834 1855 1842 “

376 1928 533 2010 epistolis,
559 1944 643 2009 quae
667 1925 820 1992 dicuntur
840 1927 1033 2008 pastorales,
1059 1924 1327 2005 conscribendae,
1352 1926 1387 1990 in
1414 1927 1532 2008 quibus
1552 1934 1600 1993 tot
1618 1930 1680 1995 viri
1699 1948 1796 2013 prae·

375 2032 455 2097 clari
480 2048 618 2097 acumen
642 2030 763 2111 ingenii
788 2033 820 2093 et
842 2028 1061 2094 eruditionem
1086 2035 1259 2112 tantopere
1282 2029 1544 2109 exercitaverint,
1570 2035 1603 2095 et
1623 2035 1699 2114 jure
1724 2050 1796 2097 me-

374 2141 443 2211 tuo,
483 2153 525 2199 ne
551 2133 675 2198 viribus
702 2135 810 2214 impar
834 2132 941 2195 labori
968 2150 1066 2214 quem
1090 2132 1291 2215 susceperim
1314 2134 1526 2198 succumbam
1548 2138 1646 2216 atque
1672 2134 1794 2202 lrustra

373 2238 543 2303 laborasse
571 2235 701 2312 videar;
738 2235 795 2300 sed
823 2235 1012 2298 consolatur
1038 2241 1070 2299 et
1095 2235 1190 2316 erigit
1215 2234 1362 2299 animum
1388 2236 1545 2313 virorum,
1571 2237 1626 2318 qui
1652 2235 1794 2304 denseo

373 2341 490 2406 tironis
517 2340 677 2421 opusculo
699 2338 860 2420 iudicium
888 2337 1011 2416 terent,
1046 2338 1232 2403 humanitas
1259 2337 1526 2421 benignitasque,
1553 2357 1618 2420 qua
1644 2344 1793 2420 quamvis

374 2444 416 2509 sit
446 2443 674 2525 imperfectum
709 2459 778 2506 non
821 2435 944 2505 statim'
958 2442 1122 2523 vituperio
1157 2440 1299 2504 obruant
1332 2444 1432 2522 atque
1466 2458 1601 2524 prorsus
1635 2443 1792 2526 rejiciant.

373 2545 487 2629 Neque
513 2547 578 2612 hoc
603 2544 734 2609 allicere
758 2560 856 2626 posse
880 2543 961 2607 mihi
987 2543 1119 2623 videor,
1152 2548 1189 2607 ut
1214 2543 1300 2606 hanc
1322 2544 1411 2608 litem
1435 2544 1559 2610 tamdiu
1586 2563 1604 2609 a
1632 2546 1710 2612 viris
1731 2548 1793 2612 do·

374 2650 524 2714 ctissimis
558 2648 713 2730 agitatam
747 2649 843 2729 plane
874 2645 917 2711 ad
948 2647 1048 2711 tinem
1080 2645 1277 2730 perducam
1316 2645 1381 2711 hoc
1407 2648 1525 2730 majori
1551 2647 1648 2712 aliem
1675 2654 1708 2714 et
1733 2668 1793 2733 pe-

373 2753 478 2830 ritiori
498 2753 636 2816 libenter
652 2750 855 2832 relinquam;
881 2764 944 2830 ego
965 2750 1042 2814 satis
1067 2766 1232 2831 superque
1248 2748 1390 2828 habebo,
1412 2751 1441 2813 si
1466 2751 1558 2814 illum
1584 2754 1793 2832 quantulum·

374 2873 502 2937 cunque
529 2859 578 2919 est
602 2871 678 2918 meo
705 2853 866 2936 opusculo
890 2850 1090 2933 adjuverim,
1125 2855 1157 2915 et
1186 2852 1213 2915 si
1246 2850 1311 2915 hoc
1337 2852 1439 2918 modo
1464 2853 1660 2935 particulam
1686 2872 1792 2938 quan·

374 2959 451 3025 dam
476 2957 519 3022 ad
536 2957 715 3022 eruendam
739 2953 1000 3037 firmandamque
1027 2955 1196 3020 veritatem
1222 2954 1427 3032 contulerim,
1453 2956 1593 3020 consilio
1619 2959 1717 3040 plane
1737 2976 1793 3025 sa·

373 3061 532 3127 tislecisse
557 3058 649 3123 milri
663 3058 812 3124 videbor.
871 3056 970 3136 Quod
996 3065 1031 3122 ut
1054 3075 1213 3139 assequar
1234 3055 1323 3120 Deus
1350 3060 1492 3142 optimus
1522 3060 1686 3125 maximus
1711 3062 1792 3127 mihi

374 3164 561 3247 opituletur.
622 3161 712 3226 Haec
736 3161 938 3241 scribebam,
964 3179 1066 3243 quum
1090 3161 1177 3224 hanc
1201 3163 1513 3226 commentationem
1541 3160 1656 3229 Ordini
1681 3164 1791 3230 Theo-

374 3269 527 3350 logorum
554 3262 756 3345 Gottingensi
782 3255 1025 3347 dijudicandam
1050 3263 1228 3327 traditurus
1255 3280 1378 3343 essem,
1405 3265 1460 3347 qni
1485 3281 1597 3345 spem,
1631 3284 1729 3347 quam
1756 3268 1790 3332 in

375 3387 491 3437 eorum
526 3368 728 3434 humanitate
762 3385 957 3450 posueram,
1000 3368 1217 3450 expleverunt
1253 3371 1286 3429 et
1304 3367 1408 3448 ,quod
1441 3384 1572 3450 semper
1604 3370 1790 3450 gratissimo

374 3476 487 3540 animo
522 3470 643 3536 tenebo
674 3472 808 3553 dignum
843 3470 991 3552 praemio
1025 3469 1220 3552 opusculum
1250 3486 1361 3534 meum
1394 3471 1602 3551 quantumvis
1633 3471 1791 3555 imperie-

374 3583 461 3643 ctum
487 3576 692 3651 hahuerunt,
713 3574 811 3637 simul
835 3579 945 3638 tamen
970 3572 1051 3638 mihi
1077 3570 1298 3647 reddiderunt,
1319 3580 1355 3637 ut
1381 3578 1557 3654 antequam
1580 3575 1662 3655 typis
1688 3593 1790 3642 excu-

374 3681 523 3755 deretur,
549 3676 715 3753 maculas,
741 3693 822 3758 quas
848 3677 895 3741 illi
922 3673 1223 3758 deprehenderunt,
1248 3691 1310 3757 pro
1338 3675 1462 3765 viribus
1487 3677 1641 3749 eluerem.
1692 3677 1789 3757 Quod

375 3794 477 3866 quum
509 3780 662 3856 fecerim,
696 3779 810 3844 nescio
839 3796 906 3861 quo
940 3779 1079 3843 meliore
1105 3781 1184 3842 voto
1206 3776 1446 3859 praelationem
1471 3777 1583 3843 liniam
1607 3782 1789 3864 ceterisque

374 3886 569 3969 opusculum
593 3882 744 3959 tradam,
770 3899 869 3964 quam
895 3881 985 3963 quod
1010 3898 1111 3963 supra
1137 3879 1252 3945 allatus
1279 3896 1370 3959 sum,
1401 3885 1437 3945 ut
1463 3880 1579 3947 leniter
1603 3882 1644 3948 de
1670 3902 1711 3948 eo
1732 3884 1789 3967 ju-

375 3988 500 4054 dicetur
522 3994 555 4053 et
579 3985 622 4049 ad
648 3986 818 4051 veritatem
842 3983 1103 4066 investigandam
1127 3983 1365 4063 aliquantulum
1390 3984 1584 4050 contribuat.

486 4089 649 4173 Epistolns
674 4088 717 4154 ad
741 4088 949 4153 Timotheum
976 4091 1009 4151 et
1033 4087 1142 4150 Titum
1167 4085 1270 4159 datas,
1297 4103 1378 4169 quas
1398 4086 1493 4152 Pauli
1518 4086 1652 4153 nomine
1672 4086 1789 4153 inscri-

374 4196 446 4275 ptas
479 4190 513 4255 in
547 4191 586 4257 N.
617 4192 653 4256 Τ.
686 4192 862 4268 babemus,
897 4189 972 4254 inde
999 4206 1020 4254 a
1043 4189 1156 4272 primis
1181 4189 1340 4254 ecclesiae
1366 4189 1561 4254 christianae
1588 4191 1789 4272 temporibus

374 4311 504 4375 semper
529 4312 589 4376 pro
617 4312 694 4359 vere
713 4293 854 4377 paulinis
880 4310 952 4357 esse
977 4292 1126 4368 habitas,
1160 4290 1245 4354 inter
1278 4310 1394 4357 omnes
1429 4295 1565 4358 constat
1629 4291 1788 4375 Quamvis

375 4398 464 4462 enim
497 4396 585 4478 apud
619 4404 727 4478 patres
760 4382 959 4478 apostolicos
992 4396 1085 4460 nullo
1118 4393 1194 4458 loco
1221 4395 1432 4475 epistolarum
1454 4397 1668 4477 pastoralium
1694 4414 1788 4461 men-

373 4501 499 4565 tionem
522 4498 649 4564 disertis
677 4499 786 4566 verbis
809 4500 930 4564 iactam
955 4498 1179 4571 inveniamus,
1212 4497 1270 4561 sed
1293 4502 1419 4562 tantum
1440 4498 1580 4562 incertas
1606 4499 1788 4582 dubiasque

375 4603 571 4681 allusiones,
592 4605 627 4663 ut
653 4602 686 4665 in
713 4602 815 4667 (ilem.
836 4604 931 4668 llom.
957 4601 1050 4683 epist.
1075 4599 1117 4666 ad
1145 4597 1290 4665 Corinth.
1317 4601 1342 4677 l,
1368 4592 1403 4679 2,
1428 4591 1488 4668 29.
1509 4605 1542 4666 et
1566 4602 1668 4683 ignat.
1695 4602 1787 4684 epist.

374 4706 418 4771 ad
442 4705 562 4788 Ephes.
587 4721 658 4785 cap.
683 4703 723 4781 ll,
750 4710 781 4769 et
806 4704 979 4787 Polycarpi
1002 4721 1075 4786 cap.
1101 4701 1152 4779 tv,
1175 4707 1285 4767 tamen
1310 4703 1465 4770 irenaeus
1491 4692 1575 4788 [adv.
1598 4705 1688 4771 haer.
1708 4722 1787 4787 pro·

1487 4830 1502 4891 l
