<?xml version="1.0" encoding="UTF-8"?>
<!DOCTYPE html PUBLIC "-//W3C//DTD XHTML 1.0 Transitional//EN"
    "http://www.w3.org/TR/xhtml1/DTD/xhtml1-transitional.dtd">
<html xmlns="http://www.w3.org/1999/xhtml" xml:lang="en" lang="en">
 <head>
  <title>
</title>
<meta http-equiv="Content-Type" content="text/html;charset=utf-8" />
  <meta name='ocr-system' content='tesseract 3.04.00' />
  <meta name='ocr-capabilities' content='ocr_page ocr_carea ocr_par ocr_line ocrx_word'/>
</head>
<body>
  <div class='ocr_page' id='page_1' title='image "./dissertatiodear00rudogoog_0034.png"; bbox 0 0 4350 5586; ppageno 0'>
   <div class='ocr_carea' id='block_1_1' title="bbox 1055 503 1095 566">
    <p class='ocr_par' dir='ltr' id='par_1_1' title="bbox 1055 503 1095 566">
     <span class='ocr_line' id='line_1_1' title="bbox 1055 503 1095 566; baseline -0.05 0"><span class='ocrx_word' id='word_1_1' title='bbox 1055 503 1095 566; x_wconf 84' lang='lat'><strong>23</strong></span> 
     </span>
    </p>
   </div>
   <div class='ocr_carea' id='block_1_2' title="bbox 352 671 1871 2838">
    <p class='ocr_par' dir='ltr' id='par_1_2' title="bbox 352 671 1871 2838">
     <span class='ocr_line' id='line_1_2' title="bbox 352 671 1794 782; baseline -0.001 -32"><span class='ocrx_word' id='word_1_2' title='bbox 352 762 354 767; x_wconf 18' lang='lat' dir='ltr'>s</span> <span class='ocrx_word' id='word_1_3' title='bbox 375 688 473 769; x_wconf 91' lang='lat' dir='ltr'><strong>plane</strong></span> <span class='ocrx_word' id='word_1_4' title='bbox 499 685 752 767; x_wconf 82' lang='lat' dir='ltr'><strong>improbaverim</strong></span> <span class='ocrx_word' id='word_1_5' title='bbox 779 683 883 746; x_wconf 90' lang='lat' dir='ltr'><strong>Bezae</strong></span> <span class='ocrx_word' id='word_1_6' title='bbox 908 682 1141 764; x_wconf 90' lang='lat' dir='ltr'><strong>conjecturam,</strong></span> <span class='ocrx_word' id='word_1_7' title='bbox 1168 685 1223 766; x_wconf 92' lang='lat' dir='ltr'><strong>qui</strong></span> <span class='ocrx_word' id='word_1_8' title='bbox 1243 702 1304 766; x_wconf 94' lang='lat' dir='ltr'><strong>pro</strong></span> <span class='ocrx_word' id='word_1_9' title='bbox 1325 671 1510 782; x_wconf 71' lang='grc' dir='ltr'>Μιλήτῳ,</span> <span class='ocrx_word' id='word_1_10' title='bbox 1536 674 1794 776; x_wconf 68' lang='grc' dir='ltr'><strong><em>Μελίτῃοοοί-</em></strong></span> 
     </span>
     <span class='ocr_line' id='line_1_3' title="bbox 376 785 1792 869; baseline -0.001 -15"><span class='ocrx_word' id='word_1_11' title='bbox 376 789 519 854; x_wconf 85' lang='lat' dir='ltr'><strong>bendum</strong></span> <span class='ocrx_word' id='word_1_12' title='bbox 546 788 680 869; x_wconf 81' lang='lat' dir='ltr'><strong>putavit,</strong></span> <span class='ocrx_word' id='word_1_13' title='bbox 704 791 819 851; x_wconf 91' lang='lat' dir='ltr'><strong>contra</strong></span> <span class='ocrx_word' id='word_1_14' title='bbox 840 785 936 865; x_wconf 86' lang='lat' dir='ltr'><strong>Hugii</strong></span> <span class='ocrx_word' id='word_1_15' title='bbox 959 788 1164 864; x_wconf 90' lang='lat' dir='ltr'><strong>sententiam,</strong></span> <span class='ocrx_word' id='word_1_16' title='bbox 1191 791 1289 851; x_wconf 88' lang='lat' dir='ltr'><strong>testes</strong></span> <span class='ocrx_word' id='word_1_17' title='bbox 1313 791 1345 851; x_wconf 90' lang='lat' dir='ltr'><strong>et</strong></span> <span class='ocrx_word' id='word_1_18' title='bbox 1368 785 1597 869; x_wconf 82' lang='lat' dir='ltr'>deprecatores</span> <span class='ocrx_word' id='word_1_19' title='bbox 1612 786 1705 851; x_wconf 89' lang='lat' dir='ltr'><strong>Pauli</strong></span> <span class='ocrx_word' id='word_1_20' title='bbox 1729 805 1792 853; x_wconf 94' lang='lat' dir='ltr'><strong>un·</strong></span> 
     </span>
     <span class='ocr_line' id='line_1_4' title="bbox 377 888 1791 974; baseline -0.001 -18"><span class='ocrx_word' id='word_1_21' title='bbox 377 893 474 974; x_wconf 86' lang='lat' dir='ltr'>dique</span> <span class='ocrx_word' id='word_1_22' title='bbox 500 890 705 967; x_wconf 90' lang='lat' dir='ltr'><strong>convenisse,</strong></span> <span class='ocrx_word' id='word_1_23' title='bbox 738 906 813 953; x_wconf 95' lang='lat' dir='ltr'><strong>cum</strong></span> <span class='ocrx_word' id='word_1_24' title='bbox 837 888 1017 969; x_wconf 82' lang='lat' dir='ltr'><strong>Trophimo</strong></span> <span class='ocrx_word' id='word_1_25' title='bbox 1048 890 1197 954; x_wconf 90' lang='lat' dir='ltr'><strong>Miletum</strong></span> <span class='ocrx_word' id='word_1_26' title='bbox 1223 890 1350 954; x_wconf 89' lang='lat' dir='ltr'><strong>venisse</strong></span> <span class='ocrx_word' id='word_1_27' title='bbox 1378 907 1518 970; x_wconf 91' lang='lat' dir='ltr'><strong>eumque</strong></span> <span class='ocrx_word' id='word_1_28' title='bbox 1542 890 1588 953; x_wconf 96' lang='lat' dir='ltr'><strong>ibi</strong></span> <span class='ocrx_word' id='word_1_29' title='bbox 1615 895 1791 971; x_wconf 82' lang='lat' dir='ltr'><strong>aegrotan-</strong></span> 
     </span>
     <span class='ocr_line' id='line_1_5' title="bbox 376 981 1791 1075; baseline 0 -17"><span class='ocrx_word' id='word_1_30' title='bbox 376 999 442 1060; x_wconf 86' lang='lat' dir='ltr'><strong>tem</strong></span> <span class='ocrx_word' id='word_1_31' title='bbox 468 993 655 1075; x_wconf 85' lang='lat' dir='ltr'><strong>reliquisse,</strong></span> <span class='ocrx_word' id='word_1_32' title='bbox 688 981 828 1074; x_wconf 76' lang='lat' dir='ltr'><strong>rejicio,</strong></span> <span class='ocrx_word' id='word_1_33' title='bbox 856 992 933 1073; x_wconf 90' lang='lat' dir='ltr'><strong>quia</strong></span> <span class='ocrx_word' id='word_1_34' title='bbox 958 993 1168 1058; x_wconf 87' lang='lat' dir='ltr'><strong>artificiosior</strong></span> <span class='ocrx_word' id='word_1_35' title='bbox 1191 1009 1290 1074; x_wconf 87' lang='lat' dir='ltr'><strong>quam</strong></span> <span class='ocrx_word' id='word_1_36' title='bbox 1315 993 1425 1057; x_wconf 92' lang='lat' dir='ltr'><strong>verior</strong></span> <span class='ocrx_word' id='word_1_37' title='bbox 1450 1009 1523 1056; x_wconf 88' lang='lat' dir='ltr'><strong>esse</strong></span> <span class='ocrx_word' id='word_1_38' title='bbox 1549 993 1627 1056; x_wconf 93' lang='lat' dir='ltr'><strong>mihi</strong></span> <span class='ocrx_word' id='word_1_39' title='bbox 1654 992 1791 1058; x_wconf 90' lang='lat' dir='ltr'><strong>videtur.</strong></span> 
     </span>
     <span class='ocr_line' id='line_1_6' title="bbox 377 1092 1792 1180; baseline 0 -19"><span class='ocrx_word' id='word_1_40' title='bbox 377 1097 571 1162; x_wconf 88' lang='lat' dir='ltr'><strong>Destitutum</strong></span> <span class='ocrx_word' id='word_1_41' title='bbox 597 1095 695 1176; x_wconf 76' lang='lat' dir='ltr'><strong>igitur</strong></span> <span class='ocrx_word' id='word_1_42' title='bbox 720 1095 846 1176; x_wconf 91' lang='lat' dir='ltr'><strong>optimo</strong></span> <span class='ocrx_word' id='word_1_43' title='bbox 868 1092 1081 1180; x_wconf 80' lang='lat' dir='ltr'><strong>deprecatore</strong></span> <span class='ocrx_word' id='word_1_44' title='bbox 1104 1095 1232 1171; x_wconf 88' lang='lat' dir='ltr'><strong>Erasto,</strong></span> <span class='ocrx_word' id='word_1_45' title='bbox 1259 1096 1315 1176; x_wconf 92' lang='lat' dir='ltr'><strong>qui</strong></span> <span class='ocrx_word' id='word_1_46' title='bbox 1341 1095 1391 1159; x_wconf 93' lang='lat' dir='ltr'><strong>vir</strong></span> <span class='ocrx_word' id='word_1_47' title='bbox 1420 1096 1553 1160; x_wconf 87' lang='lat' dir='ltr'><strong>illustris</strong></span> <span class='ocrx_word' id='word_1_48' title='bbox 1586 1102 1619 1159; x_wconf 88' lang='lat' dir='ltr'><strong>et</strong></span> <span class='ocrx_word' id='word_1_49' title='bbox 1644 1093 1792 1161; x_wconf 84' lang='lat' dir='ltr'><strong>Corinthi</strong></span> 
     </span>
     <span class='ocr_line' id='line_1_7' title="bbox 376 1186 1791 1287; baseline -0.006 -15"><span class='ocrx_word' id='word_1_50' title='bbox 376 1186 554 1287; x_wconf 74' lang='grc' dir='ltr'><strong><em>οἰκονόμος</em></strong></span> <span class='ocrx_word' id='word_1_51' title='bbox 590 1201 676 1273; x_wconf 88' lang='lat' dir='ltr'><strong>erat,</strong></span> <span class='ocrx_word' id='word_1_52' title='bbox 713 1202 811 1278; x_wconf 87' lang='lat' dir='ltr'><strong>atque</strong></span> <span class='ocrx_word' id='word_1_53' title='bbox 844 1196 990 1262; x_wconf 82' lang='lat' dir='ltr'><strong>maximo</strong></span> <span class='ocrx_word' id='word_1_54' title='bbox 1022 1203 1103 1263; x_wconf 89' lang='lat' dir='ltr'><strong>teste</strong></span> <span class='ocrx_word' id='word_1_55' title='bbox 1137 1197 1318 1279; x_wconf 87' lang='lat' dir='ltr'><strong>Trophimo</strong></span> <span class='ocrx_word' id='word_1_56' title='bbox 1348 1198 1455 1263; x_wconf 91' lang='lat' dir='ltr'><strong>solum</strong></span> <span class='ocrx_word' id='word_1_57' title='bbox 1488 1216 1523 1262; x_wconf 90' lang='lat' dir='ltr'><strong>se</strong></span> <span class='ocrx_word' id='word_1_58' title='bbox 1551 1201 1626 1262; x_wconf 91' lang='lat' dir='ltr'><strong>ante</strong></span> <span class='ocrx_word' id='word_1_59' title='bbox 1649 1199 1791 1264; x_wconf 91' lang='lat' dir='ltr'><strong>tribunal</strong></span> 
     </span>
     <span class='ocr_line' id='line_1_8' title="bbox 375 1300 1791 1382; baseline -0.001 -16"><span class='ocrx_word' id='word_1_60' title='bbox 375 1307 530 1367; x_wconf 88' lang='lat' dir='ltr'><strong>statutum</strong></span> <span class='ocrx_word' id='word_1_61' title='bbox 553 1316 625 1365; x_wconf 90' lang='lat' dir='ltr'><strong>esse</strong></span> <span class='ocrx_word' id='word_1_62' title='bbox 652 1300 727 1381; x_wconf 76' lang='lat' dir='ltr'><strong>iure</strong></span> <span class='ocrx_word' id='word_1_63' title='bbox 748 1300 960 1381; x_wconf 88' lang='lat' dir='ltr'><strong>conqueritur</strong></span> <span class='ocrx_word' id='word_1_64' title='bbox 985 1300 1105 1365; x_wconf 87' lang='lat' dir='ltr'><strong>Paulus</strong></span> <span class='ocrx_word' id='word_1_65' title='bbox 1129 1304 1161 1365; x_wconf 88' lang='lat' dir='ltr'><strong>el</strong></span> <span class='ocrx_word' id='word_1_66' title='bbox 1185 1301 1249 1365; x_wconf 91' lang='lat' dir='ltr'><strong>hoc</strong></span> <span class='ocrx_word' id='word_1_67' title='bbox 1273 1301 1442 1382; x_wconf 94' lang='lat' dir='ltr'><strong>quomodo</strong></span> <span class='ocrx_word' id='word_1_68' title='bbox 1468 1300 1613 1365; x_wconf 88' lang='lat' dir='ltr'><strong>evenerit</strong></span> <span class='ocrx_word' id='word_1_69' title='bbox 1637 1300 1791 1366; x_wconf 78' lang='lat' dir='ltr'><strong>familiari</strong></span> 
     </span>
     <span class='ocr_line' id='line_1_9' title="bbox 376 1401 1792 1486; baseline 0 -17"><span class='ocrx_word' id='word_1_70' title='bbox 376 1407 488 1469; x_wconf 90' lang='lat' dir='ltr'><strong>narrat</strong></span> <span class='ocrx_word' id='word_1_71' title='bbox 510 1403 692 1468; x_wconf 92' lang='lat' dir='ltr'><strong>Timotheo.</strong></span> <span class='ocrx_word' id='word_1_72' title='bbox 744 1401 793 1468; x_wconf 82' lang='lat' dir='ltr'><strong>Ex</strong></span> <span class='ocrx_word' id='word_1_73' title='bbox 816 1402 866 1467; x_wconf 91' lang='lat' dir='ltr'><strong>his</strong></span> <span class='ocrx_word' id='word_1_74' title='bbox 891 1403 1004 1482; x_wconf 80' lang='lat' dir='ltr'><strong>igitur,</strong></span> <span class='ocrx_word' id='word_1_75' title='bbox 1028 1421 1113 1484; x_wconf 88' lang='lat' dir='ltr'><strong>quae</strong></span> <span class='ocrx_word' id='word_1_76' title='bbox 1138 1407 1174 1467; x_wconf 93' lang='lat' dir='ltr'><strong>ut</strong></span> <span class='ocrx_word' id='word_1_77' title='bbox 1197 1405 1356 1485; x_wconf 85' lang='lat' dir='ltr'><strong>probasse</strong></span> <span class='ocrx_word' id='word_1_78' title='bbox 1379 1403 1459 1467; x_wconf 94' lang='lat' dir='ltr'><strong>mihi</strong></span> <span class='ocrx_word' id='word_1_79' title='bbox 1486 1402 1603 1467; x_wconf 91' lang='lat' dir='ltr'><strong>videor</strong></span> <span class='ocrx_word' id='word_1_80' title='bbox 1627 1403 1660 1467; x_wconf 92' lang='lat' dir='ltr'><strong>iu</strong></span> <span class='ocrx_word' id='word_1_81' title='bbox 1685 1404 1792 1486; x_wconf 91' lang='lat' dir='ltr'><strong>prima</strong></span> 
     </span>
     <span class='ocr_line' id='line_1_10' title="bbox 376 1503 1790 1590; baseline -0.001 -18"><span class='ocrx_word' id='word_1_82' title='bbox 376 1507 561 1589; x_wconf 85' lang='lat' dir='ltr'><strong>captivitate</strong></span> <span class='ocrx_word' id='word_1_83' title='bbox 585 1503 760 1570; x_wconf 92' lang='lat' dir='ltr'><strong>commode</strong></span> <span class='ocrx_word' id='word_1_84' title='bbox 783 1505 854 1568; x_wconf 88' lang='lat' dir='ltr'><strong>lieri</strong></span> <span class='ocrx_word' id='word_1_85' title='bbox 878 1511 1071 1586; x_wconf 85' lang='lat' dir='ltr'><strong>potuerunt,</strong></span> <span class='ocrx_word' id='word_1_86' title='bbox 1103 1507 1206 1571; x_wconf 88' lang='lat' dir='ltr'><strong>altera</strong></span> <span class='ocrx_word' id='word_1_87' title='bbox 1233 1506 1402 1590; x_wconf 90' lang='lat' dir='ltr'><strong>captivitas</strong></span> <span class='ocrx_word' id='word_1_88' title='bbox 1428 1524 1497 1570; x_wconf 90' lang='lat' dir='ltr'><strong>non</strong></span> <span class='ocrx_word' id='word_1_89' title='bbox 1528 1510 1577 1570; x_wconf 89' lang='lat' dir='ltr'><strong>est</strong></span> <span class='ocrx_word' id='word_1_90' title='bbox 1598 1506 1790 1587; x_wconf 86' lang='lat' dir='ltr'><strong>colligenda.</strong></span> 
     </span>
     <span class='ocr_line' id='line_1_11' title="bbox 376 1606 1792 1690; baseline -0.001 -15"><span class='ocrx_word' id='word_1_91' title='bbox 376 1609 441 1675; x_wconf 90' lang='lat' dir='ltr'><strong>Sed</strong></span> <span class='ocrx_word' id='word_1_92' title='bbox 465 1609 628 1673; x_wconf 73' lang='lat' dir='ltr'><strong>etiamen</strong></span> <span class='ocrx_word' id='word_1_93' title='bbox 653 1606 745 1684; x_wconf 89' lang='lat' dir='ltr'><strong>aliis,</strong></span> <span class='ocrx_word' id='word_1_94' title='bbox 778 1624 863 1688; x_wconf 91' lang='lat' dir='ltr'><strong>quae</strong></span> <span class='ocrx_word' id='word_1_95' title='bbox 887 1606 1030 1672; x_wconf 78' lang='lat' dir='ltr'><strong>allerruu</strong></span> <span class='ocrx_word' id='word_1_96' title='bbox 1052 1607 1253 1687; x_wconf 87' lang='lat' dir='ltr'><strong>adversarii,</strong></span> <span class='ocrx_word' id='word_1_97' title='bbox 1292 1625 1358 1673; x_wconf 94' lang='lat' dir='ltr'><strong>non</strong></span> <span class='ocrx_word' id='word_1_98' title='bbox 1385 1607 1471 1672; x_wconf 85' lang='lat' dir='ltr'><strong>efflei</strong></span> <span class='ocrx_word' id='word_1_99' title='bbox 1495 1624 1568 1672; x_wconf 89' lang='lat' dir='ltr'><strong>eam</strong></span> <span class='ocrx_word' id='word_1_100' title='bbox 1591 1624 1688 1690; x_wconf 88' lang='lat' dir='ltr'><strong>posse</strong></span> <span class='ocrx_word' id='word_1_101' title='bbox 1713 1628 1792 1674; x_wconf 91' lang='lat' dir='ltr'><strong>cen-</strong></span> 
     </span>
     <span class='ocr_line' id='line_1_12' title="bbox 375 1707 1793 1793; baseline -0.001 -15"><span class='ocrx_word' id='word_1_102' title='bbox 375 1732 445 1790; x_wconf 90' lang='lat' dir='ltr'><strong>seo,</strong></span> <span class='ocrx_word' id='word_1_103' title='bbox 468 1729 577 1793; x_wconf 90' lang='lat' dir='ltr'><strong>neque</strong></span> <span class='ocrx_word' id='word_1_104' title='bbox 603 1730 645 1775; x_wconf 84' lang='lat' dir='ltr'><strong>ex</strong></span> <span class='ocrx_word' id='word_1_105' title='bbox 672 1714 796 1774; x_wconf 86' lang='lat' dir='ltr'><strong>mutato</strong></span> <span class='ocrx_word' id='word_1_106' title='bbox 820 1710 863 1775; x_wconf 88' lang='lat' dir='ltr'><strong>de</strong></span> <span class='ocrx_word' id='word_1_107' title='bbox 885 1707 1076 1777; x_wconf 89' lang='lat' dir='ltr'><strong>dimittendo</strong></span> <span class='ocrx_word' id='word_1_108' title='bbox 1100 1710 1273 1777; x_wconf 86' lang='lat' dir='ltr'><strong>Timotheo</strong></span> <span class='ocrx_word' id='word_1_109' title='bbox 1298 1709 1391 1778; x_wconf 86' lang='lat' dir='ltr'><strong>Pauli</strong></span> <span class='ocrx_word' id='word_1_110' title='bbox 1415 1712 1565 1787; x_wconf 88' lang='lat' dir='ltr'><strong>consilio,</strong></span> <span class='ocrx_word' id='word_1_111' title='bbox 1593 1712 1681 1792; x_wconf 94' lang='lat' dir='ltr'><strong>quod</strong></span> <span class='ocrx_word' id='word_1_112' title='bbox 1705 1713 1793 1776; x_wconf 93' lang='lat' dir='ltr'><strong>mul-</strong></span> 
     </span>
     <span class='ocr_line' id='line_1_13' title="bbox 375 1812 1871 1897; baseline 0 -17"><span class='ocrx_word' id='word_1_113' title='bbox 375 1817 415 1880; x_wconf 91' lang='lat' dir='ltr'><strong>tis</strong></span> <span class='ocrx_word' id='word_1_114' title='bbox 439 1815 535 1880; x_wconf 89' lang='lat' dir='ltr'><strong>nobis</strong></span> <span class='ocrx_word' id='word_1_115' title='bbox 559 1814 690 1895; x_wconf 91' lang='lat' dir='ltr'><strong>quidem</strong></span> <span class='ocrx_word' id='word_1_116' title='bbox 717 1812 835 1892; x_wconf 81' lang='lat' dir='ltr'><strong>ignotis</strong></span> <span class='ocrx_word' id='word_1_117' title='bbox 862 1815 968 1878; x_wconf 90' lang='lat' dir='ltr'><strong>causis</strong></span> <span class='ocrx_word' id='word_1_118' title='bbox 995 1815 1114 1879; x_wconf 88' lang='lat' dir='ltr'><strong>mutari</strong></span> <span class='ocrx_word' id='word_1_119' title='bbox 1138 1815 1261 1897; x_wconf 92' lang='lat' dir='ltr'><strong>poluit,</strong></span> <span class='ocrx_word' id='word_1_120' title='bbox 1297 1832 1403 1895; x_wconf 90' lang='lat' dir='ltr'><strong>neque</strong></span> <span class='ocrx_word' id='word_1_121' title='bbox 1429 1833 1470 1878; x_wconf 87' lang='lat' dir='ltr'><strong>ex</strong></span> <span class='ocrx_word' id='word_1_122' title='bbox 1492 1817 1615 1891; x_wconf 87' lang='lat' dir='ltr'><strong>sainte,</strong></span> <span class='ocrx_word' id='word_1_123' title='bbox 1653 1817 1792 1896; x_wconf 81' lang='lat' dir='ltr'><strong>Aquilae</strong></span> <span class='ocrx_word' id='word_1_124' title='bbox 1865 1824 1871 1832; x_wconf 86' lang='grc'><strong>“</strong></span> 
     </span>
     <span class='ocr_line' id='line_1_14' title="bbox 375 1915 1792 2001; baseline -0.001 -18"><span class='ocrx_word' id='word_1_125' title='bbox 375 1926 407 1984; x_wconf 90' lang='lat' dir='ltr'><strong>et</strong></span> <span class='ocrx_word' id='word_1_126' title='bbox 432 1917 600 1983; x_wconf 85' lang='lat' dir='ltr'><strong>Priscillae</strong></span> <span class='ocrx_word' id='word_1_127' title='bbox 624 1915 789 1999; x_wconf 90' lang='lat' dir='ltr'><strong>Ephesum</strong></span> <span class='ocrx_word' id='word_1_128' title='bbox 817 1915 935 1994; x_wconf 87' lang='lat' dir='ltr'><strong>missa,</strong></span> <span class='ocrx_word' id='word_1_129' title='bbox 970 1919 1025 1999; x_wconf 92' lang='lat' dir='ltr'><strong>qui</strong></span> <span class='ocrx_word' id='word_1_130' title='bbox 1060 1919 1135 2000; x_wconf 89' lang='lat' dir='ltr'><strong>post</strong></span> <span class='ocrx_word' id='word_1_131' title='bbox 1161 1917 1306 2001; x_wconf 89' lang='lat' dir='ltr'><strong>quinque</strong></span> <span class='ocrx_word' id='word_1_132' title='bbox 1329 1918 1399 1983; x_wconf 87' lang='lat' dir='ltr'><strong>lere</strong></span> <span class='ocrx_word' id='word_1_133' title='bbox 1421 1934 1525 1982; x_wconf 87' lang='lat' dir='ltr'><strong>annos</strong></span> <span class='ocrx_word' id='word_1_134' title='bbox 1552 1916 1648 1981; x_wconf 88' lang='lat' dir='ltr'><strong>tacile</strong></span> <span class='ocrx_word' id='word_1_135' title='bbox 1673 1920 1792 1982; x_wconf 90' lang='lat' dir='ltr'><strong>iterum</strong></span> 
     </span>
     <span class='ocr_line' id='line_1_15' title="bbox 374 2020 1792 2102; baseline -0.001 -15"><span class='ocrx_word' id='word_1_136' title='bbox 374 2022 480 2087; x_wconf 85' lang='lat' dir='ltr'><strong>Roma</strong></span> <span class='ocrx_word' id='word_1_137' title='bbox 509 2021 674 2101; x_wconf 88' lang='lat' dir='ltr'><strong>Ephesum</strong></span> <span class='ocrx_word' id='word_1_138' title='bbox 700 2020 932 2099; x_wconf 84' lang='lat' dir='ltr'><strong>transmigrare</strong></span> <span class='ocrx_word' id='word_1_139' title='bbox 958 2023 1143 2101; x_wconf 87' lang='lat' dir='ltr'><strong>potuerunt.</strong></span> <span class='ocrx_word' id='word_1_140' title='bbox 1174 2056 1218 2066; x_wconf 90' lang='lat'>—</span> <span class='ocrx_word' id='word_1_141' title='bbox 1254 2020 1311 2084; x_wconf 85' lang='lat' dir='ltr'><strong>liis</strong></span> <span class='ocrx_word' id='word_1_142' title='bbox 1344 2020 1500 2101; x_wconf 84' lang='lat' dir='ltr'><strong>expositis</strong></span> <span class='ocrx_word' id='word_1_143' title='bbox 1527 2022 1792 2102; x_wconf 78' lang='lat' dir='ltr'><strong>argumentisque</strong></span> 
     </span>
     <span class='ocr_line' id='line_1_16' title="bbox 375 2121 1791 2205; baseline -0.001 -16"><span class='ocrx_word' id='word_1_144' title='bbox 375 2124 660 2200; x_wconf 89' lang='lat' dir='ltr'><strong>adversariorum,</strong></span> <span class='ocrx_word' id='word_1_145' title='bbox 696 2138 750 2185; x_wconf 90' lang='lat' dir='ltr'><strong>me</strong></span> <span class='ocrx_word' id='word_1_146' title='bbox 776 2121 906 2204; x_wconf 90' lang='lat' dir='ltr'><strong>quidem</strong></span> <span class='ocrx_word' id='word_1_147' title='bbox 924 2121 1058 2205; x_wconf 87' lang='lat' dir='ltr'><strong>judice,</strong></span> <span class='ocrx_word' id='word_1_148' title='bbox 1098 2123 1263 2199; x_wconf 80' lang='lat' dir='ltr'><strong>refutatis,</strong></span> <span class='ocrx_word' id='word_1_149' title='bbox 1298 2138 1406 2187; x_wconf 92' lang='lat' dir='ltr'><strong>meam</strong></span> <span class='ocrx_word' id='word_1_150' title='bbox 1439 2122 1579 2204; x_wconf 93' lang='lat' dir='ltr'><strong>denique</strong></span> <span class='ocrx_word' id='word_1_151' title='bbox 1606 2139 1791 2204; x_wconf 92' lang='lat' dir='ltr'><strong>proponam</strong></span> 
     </span>
     <span class='ocr_line' id='line_1_17' title="bbox 375 2223 1790 2310; baseline -0.001 -18"><span class='ocrx_word' id='word_1_152' title='bbox 375 2228 578 2292; x_wconf 86' lang='lat' dir='ltr'><strong>sententiam.</strong></span> <span class='ocrx_word' id='word_1_153' title='bbox 628 2223 768 2306; x_wconf 82' lang='lat' dir='ltr'><strong>Propter</strong></span> <span class='ocrx_word' id='word_1_154' title='bbox 792 2227 908 2290; x_wconf 89' lang='lat' dir='ltr'><strong>mortis</strong></span> <span class='ocrx_word' id='word_1_155' title='bbox 934 2225 1210 2310; x_wconf 88' lang='lat' dir='ltr'><strong>propinquitatem</strong></span> <span class='ocrx_word' id='word_1_156' title='bbox 1238 2229 1336 2306; x_wconf 88' lang='lat' dir='ltr'><strong>atque</strong></span> <span class='ocrx_word' id='word_1_157' title='bbox 1360 2230 1495 2307; x_wconf 92' lang='lat' dir='ltr'><strong>propter</strong></span> <span class='ocrx_word' id='word_1_158' title='bbox 1519 2223 1681 2288; x_wconf 87' lang='lat' dir='ltr'><strong>actionem</strong></span> <span class='ocrx_word' id='word_1_159' title='bbox 1698 2227 1790 2290; x_wconf 86' lang='lat' dir='ltr'><strong>Pauli</strong></span> 
     </span>
     <span class='ocr_line' id='line_1_18' title="bbox 375 2324 1792 2413; baseline -0.001 -19"><span class='ocrx_word' id='word_1_160' title='bbox 375 2345 478 2413; x_wconf 83' lang='lat' dir='ltr'><strong>prope</strong></span> <span class='ocrx_word' id='word_1_161' title='bbox 503 2330 628 2394; x_wconf 87' lang='lat' dir='ltr'><strong>linitam</strong></span> <span class='ocrx_word' id='word_1_162' title='bbox 654 2327 793 2409; x_wconf 90' lang='lat' dir='ltr'><strong>epistola</strong></span> <span class='ocrx_word' id='word_1_163' title='bbox 815 2333 928 2393; x_wconf 89' lang='lat' dir='ltr'><strong>nostra</strong></span> <span class='ocrx_word' id='word_1_164' title='bbox 954 2328 1191 2393; x_wconf 89' lang='lat' dir='ltr'><strong>conscribenda</strong></span> <span class='ocrx_word' id='word_1_165' title='bbox 1218 2327 1278 2392; x_wconf 86' lang='lat' dir='ltr'><strong>llrit</strong></span> <span class='ocrx_word' id='word_1_166' title='bbox 1304 2324 1449 2406; x_wconf 89' lang='lat' dir='ltr'><strong>duobus,</strong></span> <span class='ocrx_word' id='word_1_167' title='bbox 1480 2328 1521 2391; x_wconf 92' lang='lat' dir='ltr'><strong>de</strong></span> <span class='ocrx_word' id='word_1_168' title='bbox 1548 2326 1664 2408; x_wconf 93' lang='lat' dir='ltr'><strong>quibus</strong></span> <span class='ocrx_word' id='word_1_169' title='bbox 1687 2328 1792 2393; x_wconf 91' lang='lat' dir='ltr'><strong>Lucas</strong></span> 
     </span>
     <span class='ocr_line' id='line_1_19' title="bbox 375 2429 1789 2513; baseline -0.001 -16"><span class='ocrx_word' id='word_1_170' title='bbox 375 2434 407 2497; x_wconf 97' lang='lat' dir='ltr'><strong>in</strong></span> <span class='ocrx_word' id='word_1_171' title='bbox 440 2433 529 2497; x_wconf 79' lang='lat' dir='ltr'><strong>Actis</strong></span> <span class='ocrx_word' id='word_1_172' title='bbox 562 2435 675 2495; x_wconf 90' lang='lat' dir='ltr'><strong>narrat</strong></span> <span class='ocrx_word' id='word_1_173' title='bbox 709 2431 903 2512; x_wconf 87' lang='lat' dir='ltr'><strong>captivitatis</strong></span> <span class='ocrx_word' id='word_1_174' title='bbox 928 2431 1020 2496; x_wconf 88' lang='lat' dir='ltr'><strong>annis</strong></span> <span class='ocrx_word' id='word_1_175' title='bbox 1049 2432 1118 2513; x_wconf 87' lang='lat' dir='ltr'><strong>jam</strong></span> <span class='ocrx_word' id='word_1_176' title='bbox 1144 2431 1391 2513; x_wconf 86' lang='lat' dir='ltr'><strong>praeterlapsis,</strong></span> <span class='ocrx_word' id='word_1_177' title='bbox 1424 2431 1535 2512; x_wconf 87' lang='lat' dir='ltr'><strong>itaque</strong></span> <span class='ocrx_word' id='word_1_178' title='bbox 1560 2429 1663 2494; x_wconf 89' lang='lat' dir='ltr'><strong>serius</strong></span> <span class='ocrx_word' id='word_1_179' title='bbox 1689 2448 1789 2512; x_wconf 88' lang='lat' dir='ltr'><strong>quam</strong></span> 
     </span>
     <span class='ocr_line' id='line_1_20' title="bbox 375 2532 1792 2616; baseline -0.001 -16"><span class='ocrx_word' id='word_1_180' title='bbox 375 2551 507 2614; x_wconf 90' lang='lat' dir='ltr'><strong>omnes,</strong></span> <span class='ocrx_word' id='word_1_181' title='bbox 544 2549 624 2616; x_wconf 88' lang='lat' dir='ltr'><strong>quas</strong></span> <span class='ocrx_word' id='word_1_182' title='bbox 657 2532 777 2597; x_wconf 86' lang='lat' dir='ltr'><strong>Paulus</strong></span> <span class='ocrx_word' id='word_1_183' title='bbox 803 2534 929 2598; x_wconf 87' lang='lat' dir='ltr'><strong>Romae</strong></span> <span class='ocrx_word' id='word_1_184' title='bbox 952 2534 1080 2616; x_wconf 90' lang='lat' dir='ltr'><strong>scripsit</strong></span> <span class='ocrx_word' id='word_1_185' title='bbox 1107 2535 1274 2616; x_wconf 87' lang='lat' dir='ltr'><strong>epistolae.</strong></span> <span class='ocrx_word' id='word_1_186' title='bbox 1336 2534 1406 2599; x_wconf 87' lang='lat' dir='ltr'><strong>Hoc</strong></span> <span class='ocrx_word' id='word_1_187' title='bbox 1431 2533 1533 2599; x_wconf 95' lang='lat' dir='ltr'><strong>modo</strong></span> <span class='ocrx_word' id='word_1_188' title='bbox 1557 2550 1657 2614; x_wconf 95' lang='lat' dir='ltr'><strong>quum</strong></span> <span class='ocrx_word' id='word_1_189' title='bbox 1681 2534 1714 2597; x_wconf 94' lang='lat' dir='ltr'><strong>iu</strong></span> <span class='ocrx_word' id='word_1_190' title='bbox 1739 2535 1792 2598; x_wconf 93' lang='lat' dir='ltr'><strong>ul·</strong></span> 
     </span>
     <span class='ocr_line' id='line_1_21' title="bbox 374 2635 1789 2719; baseline -0.001 -17"><span class='ocrx_word' id='word_1_191' title='bbox 374 2639 455 2702; x_wconf 94' lang='lat' dir='ltr'><strong>timo</strong></span> <span class='ocrx_word' id='word_1_192' title='bbox 479 2638 567 2701; x_wconf 89' lang='lat' dir='ltr'><strong>vitae</strong></span> <span class='ocrx_word' id='word_1_193' title='bbox 593 2637 740 2719; x_wconf 89' lang='lat' dir='ltr'><strong>periculo</strong></span> <span class='ocrx_word' id='word_1_194' title='bbox 766 2637 887 2701; x_wconf 86' lang='lat' dir='ltr'><strong>Paulus</strong></span> <span class='ocrx_word' id='word_1_195' title='bbox 913 2641 982 2702; x_wconf 91' lang='lat' dir='ltr'><strong>tum</strong></span> <span class='ocrx_word' id='word_1_196' title='bbox 1008 2643 1212 2715; x_wconf 87' lang='lat' dir='ltr'><strong>versaretur,</strong></span> <span class='ocrx_word' id='word_1_197' title='bbox 1239 2636 1334 2701; x_wconf 89' lang='lat' dir='ltr'><strong>lacile</strong></span> <span class='ocrx_word' id='word_1_198' title='bbox 1359 2637 1558 2718; x_wconf 86' lang='lat' dir='ltr'><strong>explicatur,</strong></span> <span class='ocrx_word' id='word_1_199' title='bbox 1584 2654 1642 2701; x_wconf 92' lang='lat' dir='ltr'><strong>cur</strong></span> <span class='ocrx_word' id='word_1_200' title='bbox 1667 2635 1789 2701; x_wconf 89' lang='lat' dir='ltr'><strong>lactum</strong></span> 
     </span>
     <span class='ocr_line' id='line_1_22' title="bbox 373 2738 1791 2838; baseline 0 -33"><span class='ocrx_word' id='word_1_201' title='bbox 373 2741 424 2818; x_wconf 88' lang='lat' dir='ltr'><strong>sit,</strong></span> <span class='ocrx_word' id='word_1_202' title='bbox 444 2745 479 2804; x_wconf 92' lang='lat' dir='ltr'><strong>ut</strong></span> <span class='ocrx_word' id='word_1_203' title='bbox 501 2740 640 2805; x_wconf 86' lang='lat' dir='ltr'><strong>Paulum</strong></span> <span class='ocrx_word' id='word_1_204' title='bbox 667 2738 803 2805; x_wconf 90' lang='lat' dir='ltr'><strong>comites</strong></span> <span class='ocrx_word' id='word_1_205' title='bbox 829 2740 1060 2823; x_wconf 88' lang='lat' dir='ltr'><strong>relinquerent,</strong></span> <span class='ocrx_word' id='word_1_206' title='bbox 1084 2740 1167 2804; x_wconf 89' lang='lat' dir='ltr'><strong>sicul</strong></span> <span class='ocrx_word' id='word_1_207' title='bbox 1189 2738 1321 2817; x_wconf 84' lang='lat' dir='ltr'><strong>Demus,</strong></span> <span class='ocrx_word' id='word_1_208' title='bbox 1338 2745 1383 2838; x_wconf 41' lang='lat' dir='ltr'><strong>&#39;ut</strong></span> <span class='ocrx_word' id='word_1_209' title='bbox 1400 2740 1600 2815; x_wconf 88' lang='lat' dir='ltr'><strong>Timotheus,</strong></span> <span class='ocrx_word' id='word_1_210' title='bbox 1625 2742 1680 2821; x_wconf 95' lang='lat' dir='ltr'><strong>qui</strong></span> <span class='ocrx_word' id='word_1_211' title='bbox 1706 2746 1791 2805; x_wconf 91' lang='lat' dir='ltr'><strong>tem-</strong></span> 
     </span>
    </p>
   </div>
   <div class='ocr_carea' id='block_1_3' title="bbox 260 2841 1792 2926">
    <p class='ocr_par' dir='ltr' id='par_1_3' title="bbox 260 2841 1792 2926">
     <span class='ocr_line' id='line_1_23' title="bbox 260 2841 1792 2926; baseline 0.001 -19"><span class='ocrx_word' id='word_1_212' title='bbox 260 2920 263 2924; x_wconf 16' lang='lat'>&gt;</span> <span class='ocrx_word' id='word_1_213' title='bbox 373 2862 434 2926; x_wconf 90' lang='lat' dir='ltr'><strong>pus</strong></span> <span class='ocrx_word' id='word_1_214' title='bbox 460 2842 594 2924; x_wconf 85' lang='lat' dir='ltr'><strong>aliquod</strong></span> <span class='ocrx_word' id='word_1_215' title='bbox 619 2842 744 2907; x_wconf 87' lang='lat' dir='ltr'><strong>Romae</strong></span> <span class='ocrx_word' id='word_1_216' title='bbox 776 2841 903 2919; x_wconf 86' lang='lat' dir='ltr'><strong>iuerat,</strong></span> <span class='ocrx_word' id='word_1_217' title='bbox 936 2844 1053 2907; x_wconf 91' lang='lat' dir='ltr'><strong>iterum</strong></span> <span class='ocrx_word' id='word_1_218' title='bbox 1080 2843 1156 2907; x_wconf 91' lang='lat' dir='ltr'><strong>inde</strong></span> <span class='ocrx_word' id='word_1_219' title='bbox 1182 2842 1347 2925; x_wconf 88' lang='lat' dir='ltr'><strong>protectus</strong></span> <span class='ocrx_word' id='word_1_220' title='bbox 1373 2848 1478 2920; x_wconf 86' lang='lat' dir='ltr'><strong>esset,</strong></span> <span class='ocrx_word' id='word_1_221' title='bbox 1508 2849 1544 2906; x_wconf 94' lang='lat' dir='ltr'><strong>ut</strong></span> <span class='ocrx_word' id='word_1_222' title='bbox 1568 2841 1710 2923; x_wconf 89' lang='lat' dir='ltr'><strong>denique</strong></span> <span class='ocrx_word' id='word_1_223' title='bbox 1736 2844 1792 2908; x_wconf 91' lang='lat' dir='ltr'><strong>ille</strong></span> 
     </span>
    </p>
   </div>
   <div class='ocr_carea' id='block_1_4' title="bbox 371 2944 1837 4466">
    <p class='ocr_par' dir='ltr' id='par_1_4' title="bbox 373 2944 1791 3234">
     <span class='ocr_line' id='line_1_24' title="bbox 373 2944 1791 3025; baseline -0.001 -13"><span class='ocrx_word' id='word_1_224' title='bbox 373 2946 477 3012; x_wconf 90' lang='lat' dir='ltr'><strong>tidelis</strong></span> <span class='ocrx_word' id='word_1_225' title='bbox 502 2946 596 3010; x_wconf 89' lang='lat' dir='ltr'><strong>Pauli</strong></span> <span class='ocrx_word' id='word_1_226' title='bbox 620 2947 730 3010; x_wconf 89' lang='lat' dir='ltr'><strong>socius</strong></span> <span class='ocrx_word' id='word_1_227' title='bbox 753 2946 796 3009; x_wconf 93' lang='lat' dir='ltr'><strong>ad</strong></span> <span class='ocrx_word' id='word_1_228' title='bbox 818 2946 968 3010; x_wconf 92' lang='lat' dir='ltr'><strong>ultimum</strong></span> <span class='ocrx_word' id='word_1_229' title='bbox 993 2946 1195 3025; x_wconf 93' lang='lat' dir='ltr'><strong>colloquium</strong></span> <span class='ocrx_word' id='word_1_230' title='bbox 1221 2950 1404 3011; x_wconf 88' lang='lat' dir='ltr'><strong>vocaretur.</strong></span> <span class='ocrx_word' id='word_1_231' title='bbox 1456 2944 1507 3009; x_wconf 87' lang='lat' dir='ltr'><strong>Ex</strong></span> <span class='ocrx_word' id='word_1_232' title='bbox 1541 2946 1693 3009; x_wconf 90' lang='lat' dir='ltr'><strong>omnibus</strong></span> <span class='ocrx_word' id='word_1_233' title='bbox 1729 2963 1791 3011; x_wconf 90' lang='lat' dir='ltr'><strong>an·</strong></span> 
     </span>
     <span class='ocr_line' id='line_1_25' title="bbox 374 3047 1791 3131; baseline 0.002 -19"><span class='ocrx_word' id='word_1_234' title='bbox 374 3048 597 3114; x_wconf 85' lang='lat' dir='ltr'><strong>tecedentibus</strong></span> <span class='ocrx_word' id='word_1_235' title='bbox 624 3049 723 3130; x_wconf 81' lang='lat' dir='ltr'><strong>igitur</strong></span> <span class='ocrx_word' id='word_1_236' title='bbox 747 3049 868 3130; x_wconf 81' lang='lat' dir='ltr'><strong>colligo</strong></span> <span class='ocrx_word' id='word_1_237' title='bbox 894 3049 1097 3125; x_wconf 89' lang='lat' dir='ltr'><strong>sententiam,</strong></span> <span class='ocrx_word' id='word_1_238' title='bbox 1124 3049 1295 3131; x_wconf 87' lang='lat' dir='ltr'><strong>epistolam</strong></span> <span class='ocrx_word' id='word_1_239' title='bbox 1317 3050 1451 3113; x_wconf 90' lang='lat' dir='ltr'><strong>ineunte</strong></span> <span class='ocrx_word' id='word_1_240' title='bbox 1468 3049 1519 3112; x_wconf 88' lang='lat' dir='ltr'><strong>vel</strong></span> <span class='ocrx_word' id='word_1_241' title='bbox 1545 3047 1653 3112; x_wconf 89' lang='lat' dir='ltr'><strong>media</strong></span> <span class='ocrx_word' id='word_1_242' title='bbox 1668 3054 1791 3115; x_wconf 89' lang='lat' dir='ltr'><strong>aestate</strong></span> 
     </span>
     <span class='ocr_line' id='line_1_26' title="bbox 374 3150 1110 3234; baseline -0.004 -17"><span class='ocrx_word' id='word_1_243' title='bbox 374 3153 451 3217; x_wconf 89' lang='lat' dir='ltr'><strong>anni</strong></span> <span class='ocrx_word' id='word_1_244' title='bbox 476 3150 585 3215; x_wconf 84' lang='lat' dir='ltr'><strong>Llllll.</strong></span> <span class='ocrx_word' id='word_1_245' title='bbox 612 3168 632 3215; x_wconf 92' lang='lat' dir='ltr'><strong>a</strong></span> <span class='ocrx_word' id='word_1_246' title='bbox 658 3151 762 3216; x_wconf 86' lang='lat' dir='ltr'><strong>Paulo</strong></span> <span class='ocrx_word' id='word_1_247' title='bbox 786 3169 858 3216; x_wconf 89' lang='lat' dir='ltr'><strong>esse</strong></span> <span class='ocrx_word' id='word_1_248' title='bbox 882 3153 1110 3234; x_wconf 85' lang='lat' dir='ltr'><strong>conscriptam.</strong></span> 
     </span>
    </p>

    <p class='ocr_par' dir='ltr' id='par_1_5' title="bbox 371 3252 1837 4466">
     <span class='ocr_line' id='line_1_27' title="bbox 487 3252 1791 3337; baseline -0.002 -19"><span class='ocrx_word' id='word_1_249' title='bbox 487 3253 521 3318; x_wconf 88' lang='lat' dir='ltr'><strong>Si</strong></span> <span class='ocrx_word' id='word_1_250' title='bbox 543 3254 584 3317; x_wconf 88' lang='lat' dir='ltr'><strong>ad</strong></span> <span class='ocrx_word' id='word_1_251' title='bbox 609 3270 658 3328; x_wconf 87' lang='lat' dir='ltr'><strong>ea,</strong></span> <span class='ocrx_word' id='word_1_252' title='bbox 683 3270 767 3335; x_wconf 86' lang='lat' dir='ltr'><strong>quae</strong></span> <span class='ocrx_word' id='word_1_253' title='bbox 793 3254 900 3319; x_wconf 89' lang='lat' dir='ltr'><strong>adhuc</strong></span> <span class='ocrx_word' id='word_1_254' title='bbox 925 3253 1131 3337; x_wconf 89' lang='lat' dir='ltr'><strong>pertractavi,</strong></span> <span class='ocrx_word' id='word_1_255' title='bbox 1158 3252 1309 3334; x_wconf 89' lang='lat' dir='ltr'><strong>respicio,</strong></span> <span class='ocrx_word' id='word_1_256' title='bbox 1332 3268 1461 3316; x_wconf 91' lang='lat' dir='ltr'><strong>summa</strong></span> <span class='ocrx_word' id='word_1_257' title='bbox 1475 3252 1695 3332; x_wconf 88' lang='lat' dir='ltr'><strong>inquisitionis</strong></span> <span class='ocrx_word' id='word_1_258' title='bbox 1708 3252 1791 3315; x_wconf 88' lang='lat' dir='ltr'><strong>haec</strong></span> 
     </span>
     <span class='ocr_line' id='line_1_28' title="bbox 374 3354 1791 3438; baseline -0.003 -18"><span class='ocrx_word' id='word_1_259' title='bbox 374 3360 439 3432; x_wconf 87' lang='lat' dir='ltr'><strong>est,</strong></span> <span class='ocrx_word' id='word_1_260' title='bbox 472 3359 506 3420; x_wconf 92' lang='lat' dir='ltr'><strong>ut</strong></span> <span class='ocrx_word' id='word_1_261' title='bbox 540 3356 777 3436; x_wconf 79' lang='lat' dir='ltr'><strong>intelligamus,</strong></span> <span class='ocrx_word' id='word_1_262' title='bbox 809 3357 911 3438; x_wconf 91' lang='lat' dir='ltr'><strong>priori</strong></span> <span class='ocrx_word' id='word_1_263' title='bbox 949 3359 991 3424; x_wconf 90' lang='lat' dir='ltr'><strong>ad</strong></span> <span class='ocrx_word' id='word_1_264' title='bbox 1025 3355 1232 3425; x_wconf 85' lang='lat' dir='ltr'><strong>Timotheum</strong></span> <span class='ocrx_word' id='word_1_265' title='bbox 1268 3354 1426 3436; x_wconf 86' lang='lat' dir='ltr'><strong>epistolae</strong></span> <span class='ocrx_word' id='word_1_266' title='bbox 1451 3371 1517 3418; x_wconf 94' lang='lat' dir='ltr'><strong>non</strong></span> <span class='ocrx_word' id='word_1_267' title='bbox 1544 3371 1616 3419; x_wconf 88' lang='lat' dir='ltr'><strong>esse</strong></span> <span class='ocrx_word' id='word_1_268' title='bbox 1637 3354 1671 3419; x_wconf 97' lang='lat' dir='ltr'><strong>in</strong></span> <span class='ocrx_word' id='word_1_269' title='bbox 1697 3354 1791 3419; x_wconf 82' lang='lat' dir='ltr'><strong>Pauli</strong></span> 
     </span>
     <span class='ocr_line' id='line_1_29' title="bbox 373 3456 1790 3542; baseline -0.002 -20"><span class='ocrx_word' id='word_1_270' title='bbox 373 3461 438 3523; x_wconf 86' lang='lat' dir='ltr'><strong>rita</strong></span> <span class='ocrx_word' id='word_1_271' title='bbox 464 3460 590 3534; x_wconf 88' lang='lat' dir='ltr'><strong>locum,</strong></span> <span class='ocrx_word' id='word_1_272' title='bbox 624 3465 737 3525; x_wconf 89' lang='lat' dir='ltr'><strong>contra</strong></span> <span class='ocrx_word' id='word_1_273' title='bbox 761 3459 893 3540; x_wconf 93' lang='lat' dir='ltr'><strong>quando</strong></span> <span class='ocrx_word' id='word_1_274' title='bbox 916 3461 1079 3542; x_wconf 88' lang='lat' dir='ltr'><strong>posterior</strong></span> <span class='ocrx_word' id='word_1_275' title='bbox 1101 3458 1143 3523; x_wconf 92' lang='lat' dir='ltr'><strong>ad</strong></span> <span class='ocrx_word' id='word_1_276' title='bbox 1163 3457 1372 3537; x_wconf 83' lang='lat' dir='ltr'><strong>Timotheum</strong></span> <span class='ocrx_word' id='word_1_277' title='bbox 1397 3461 1431 3522; x_wconf 90' lang='lat' dir='ltr'><strong>et</strong></span> <span class='ocrx_word' id='word_1_278' title='bbox 1456 3457 1594 3539; x_wconf 88' lang='lat' dir='ltr'><strong>epistola</strong></span> <span class='ocrx_word' id='word_1_279' title='bbox 1617 3456 1660 3521; x_wconf 92' lang='lat' dir='ltr'><strong>ad</strong></span> <span class='ocrx_word' id='word_1_280' title='bbox 1682 3456 1790 3520; x_wconf 86' lang='lat' dir='ltr'><strong>Titum</strong></span> 
     </span>
     <span class='ocr_line' id='line_1_30' title="bbox 373 3558 1837 3644; baseline -0.001 -19"><span class='ocrx_word' id='word_1_281' title='bbox 373 3562 491 3643; x_wconf 89' lang='lat' dir='ltr'><strong>scripta</strong></span> <span class='ocrx_word' id='word_1_282' title='bbox 517 3564 569 3640; x_wconf 88' lang='lat' dir='ltr'><strong>sit,</strong></span> <span class='ocrx_word' id='word_1_283' title='bbox 591 3566 679 3629; x_wconf 90' lang='lat' dir='ltr'><strong>recte</strong></span> <span class='ocrx_word' id='word_1_284' title='bbox 705 3568 737 3626; x_wconf 88' lang='lat' dir='ltr'><strong>et</strong></span> <span class='ocrx_word' id='word_1_285' title='bbox 761 3561 935 3626; x_wconf 90' lang='lat' dir='ltr'><strong>commode</strong></span> <span class='ocrx_word' id='word_1_286' title='bbox 961 3563 1087 3628; x_wconf 90' lang='lat' dir='ltr'><strong>deliniri</strong></span> <span class='ocrx_word' id='word_1_287' title='bbox 1114 3576 1221 3644; x_wconf 87' lang='lat' dir='ltr'><strong>posse.</strong></span> <span class='ocrx_word' id='word_1_288' title='bbox 1273 3559 1337 3626; x_wconf 89' lang='lat' dir='ltr'><strong>Sed</strong></span> <span class='ocrx_word' id='word_1_289' title='bbox 1359 3576 1428 3625; x_wconf 93' lang='lat' dir='ltr'><strong>non</strong></span> <span class='ocrx_word' id='word_1_290' title='bbox 1449 3558 1695 3642; x_wconf 81' lang='lat' dir='ltr'><strong>planenegotio</strong></span> <span class='ocrx_word' id='word_1_291' title='bbox 1712 3575 1790 3623; x_wconf 92' lang='lat' dir='ltr'><strong>meo</strong></span> <span class='ocrx_word' id='word_1_292' title='bbox 1835 3583 1837 3586; x_wconf 46' lang='lat'><strong><em>⁴</em></strong></span> 
     </span>
     <span class='ocr_line' id='line_1_31' title="bbox 373 3663 1788 3749; baseline -0.001 -21"><span class='ocrx_word' id='word_1_293' title='bbox 373 3664 561 3745; x_wconf 83' lang='lat' dir='ltr'><strong>perfunctus</strong></span> <span class='ocrx_word' id='word_1_294' title='bbox 587 3681 660 3729; x_wconf 86' lang='lat' dir='ltr'><strong>esso</strong></span> <span class='ocrx_word' id='word_1_295' title='bbox 685 3663 765 3728; x_wconf 92' lang='lat' dir='ltr'><strong>mihi</strong></span> <span class='ocrx_word' id='word_1_296' title='bbox 792 3665 924 3743; x_wconf 81' lang='lat' dir='ltr'><strong>videor,</strong></span> <span class='ocrx_word' id='word_1_297' title='bbox 950 3666 1141 3749; x_wconf 85' lang='lat' dir='ltr'><strong>priusquam</strong></span> <span class='ocrx_word' id='word_1_298' title='bbox 1165 3664 1263 3728; x_wconf 61' lang='lat' dir='ltr'><strong>mam</strong></span> <span class='ocrx_word' id='word_1_299' title='bbox 1288 3663 1552 3728; x_wconf 82' lang='lat' dir='ltr'><strong>adversariorum</strong></span> <span class='ocrx_word' id='word_1_300' title='bbox 1576 3663 1788 3745; x_wconf 90' lang='lat' dir='ltr'><strong>epistolarum</strong></span> 
     </span>
     <span class='ocr_line' id='line_1_32' title="bbox 373 3765 1789 3849; baseline -0.001 -17"><span class='ocrx_word' id='word_1_301' title='bbox 373 3768 508 3848; x_wconf 81' lang='lat' dir='ltr'><strong>originis</strong></span> <span class='ocrx_word' id='word_1_302' title='bbox 538 3767 751 3849; x_wconf 85' lang='lat' dir='ltr'><strong>explicandae</strong></span> <span class='ocrx_word' id='word_1_303' title='bbox 776 3769 950 3834; x_wconf 87' lang='lat' dir='ltr'><strong>conamina</strong></span> <span class='ocrx_word' id='word_1_304' title='bbox 975 3765 1233 3833; x_wconf 87' lang='lat' dir='ltr'><strong>examinaverim</strong></span> <span class='ocrx_word' id='word_1_305' title='bbox 1257 3771 1290 3829; x_wconf 89' lang='lat' dir='ltr'><strong>et</strong></span> <span class='ocrx_word' id='word_1_306' title='bbox 1320 3766 1385 3830; x_wconf 92' lang='lat' dir='ltr'><strong>hoc</strong></span> <span class='ocrx_word' id='word_1_307' title='bbox 1409 3766 1511 3832; x_wconf 92' lang='lat' dir='ltr'><strong>modo</strong></span> <span class='ocrx_word' id='word_1_308' title='bbox 1549 3784 1589 3831; x_wconf 89' lang='lat' dir='ltr'><strong>ea</strong></span> <span class='ocrx_word' id='word_1_309' title='bbox 1619 3783 1705 3847; x_wconf 88' lang='lat' dir='ltr'><strong>quae</strong></span> <span class='ocrx_word' id='word_1_310' title='bbox 1730 3766 1789 3830; x_wconf 79' lang='lat' dir='ltr'><strong>ad·</strong></span> 
     </span>
     <span class='ocr_line' id='line_1_33' title="bbox 372 3869 1789 3954; baseline -0.001 -20"><span class='ocrx_word' id='word_1_311' title='bbox 372 3870 436 3935; x_wconf 90' lang='lat' dir='ltr'><strong>huc</strong></span> <span class='ocrx_word' id='word_1_312' title='bbox 461 3872 621 3954; x_wconf 89' lang='lat' dir='ltr'><strong>proposui</strong></span> <span class='ocrx_word' id='word_1_313' title='bbox 647 3870 920 3936; x_wconf 85' lang='lat' dir='ltr'><strong>confirmaverim.</strong></span> <span class='ocrx_word' id='word_1_314' title='bbox 981 3869 1154 3951; x_wconf 83' lang='lat' dir='ltr'><strong>Quaeres</strong></span> <span class='ocrx_word' id='word_1_315' title='bbox 1181 3886 1283 3950; x_wconf 85' lang='lat' dir='ltr'><strong>quam</strong></span> <span class='ocrx_word' id='word_1_316' title='bbox 1300 3886 1503 3952; x_wconf 75' lang='lat' dir='ltr'><strong>magnopere</strong></span> <span class='ocrx_word' id='word_1_317' title='bbox 1530 3870 1626 3934; x_wconf 90' lang='lat' dir='ltr'><strong>etiam</strong></span> <span class='ocrx_word' id='word_1_318' title='bbox 1651 3885 1789 3950; x_wconf 91' lang='lat' dir='ltr'><strong>compo·</strong></span> 
     </span>
     <span class='ocr_line' id='line_1_34' title="bbox 372 3974 1789 4057; baseline 0 -21"><span class='ocrx_word' id='word_1_319' title='bbox 372 3974 524 4038; x_wconf 85' lang='lat' dir='ltr'><strong>sitionem</strong></span> <span class='ocrx_word' id='word_1_320' title='bbox 556 3979 588 4038; x_wconf 90' lang='lat' dir='ltr'><strong>et</strong></span> <span class='ocrx_word' id='word_1_321' title='bbox 621 3990 743 4039; x_wconf 85' lang='lat' dir='ltr'><strong>nexum</strong></span> <span class='ocrx_word' id='word_1_322' title='bbox 766 3975 978 4057; x_wconf 88' lang='lat' dir='ltr'><strong>epistolarum</strong></span> <span class='ocrx_word' id='word_1_323' title='bbox 1004 3976 1146 4056; x_wconf 87' lang='lat' dir='ltr'><strong>spectet,</strong></span> <span class='ocrx_word' id='word_1_324' title='bbox 1183 3989 1226 4035; x_wconf 86' lang='lat' dir='ltr'><strong>ex</strong></span> <span class='ocrx_word' id='word_1_325' title='bbox 1247 3987 1312 4051; x_wconf 89' lang='lat' dir='ltr'><strong>qua</strong></span> <span class='ocrx_word' id='word_1_326' title='bbox 1334 3989 1402 4036; x_wconf 94' lang='lat' dir='ltr'><strong>non</strong></span> <span class='ocrx_word' id='word_1_327' title='bbox 1429 3988 1534 4054; x_wconf 89' lang='lat' dir='ltr'><strong>pauca</strong></span> <span class='ocrx_word' id='word_1_328' title='bbox 1558 3977 1710 4054; x_wconf 86' lang='lat' dir='ltr'><strong>petantur</strong></span> <span class='ocrx_word' id='word_1_329' title='bbox 1734 3988 1789 4036; x_wconf 85' lang='lat' dir='ltr'><strong>ar-</strong></span> 
     </span>
     <span class='ocr_line' id='line_1_35' title="bbox 372 4074 1788 4157; baseline 0 -18"><span class='ocrx_word' id='word_1_330' title='bbox 372 4081 535 4156; x_wconf 71' lang='lat' dir='ltr'><strong>gumenta,</strong></span> <span class='ocrx_word' id='word_1_331' title='bbox 562 4079 658 4142; x_wconf 88' lang='lat' dir='ltr'><strong>etiam</strong></span> <span class='ocrx_word' id='word_1_332' title='bbox 686 4076 726 4141; x_wconf 92' lang='lat' dir='ltr'><strong>de</strong></span> <span class='ocrx_word' id='word_1_333' title='bbox 752 4076 801 4141; x_wconf 90' lang='lat' dir='ltr'><strong>his</strong></span> <span class='ocrx_word' id='word_1_334' title='bbox 828 4078 925 4141; x_wconf 89' lang='lat' dir='ltr'><strong>rebus</strong></span> <span class='ocrx_word' id='word_1_335' title='bbox 952 4074 1124 4141; x_wconf 87' lang='lat' dir='ltr'><strong>dicendum</strong></span> <span class='ocrx_word' id='word_1_336' title='bbox 1148 4075 1228 4137; x_wconf 89' lang='lat' dir='ltr'><strong>mihi</strong></span> <span class='ocrx_word' id='word_1_337' title='bbox 1254 4075 1334 4143; x_wconf 88' lang='lat' dir='ltr'><strong>erit:</strong></span> <span class='ocrx_word' id='word_1_338' title='bbox 1358 4074 1418 4139; x_wconf 90' lang='lat' dir='ltr'><strong>sed</strong></span> <span class='ocrx_word' id='word_1_339' title='bbox 1438 4091 1539 4156; x_wconf 93' lang='lat' dir='ltr'><strong>quum</strong></span> <span class='ocrx_word' id='word_1_340' title='bbox 1556 4076 1643 4139; x_wconf 92' lang='lat' dir='ltr'><strong>hanc</strong></span> <span class='ocrx_word' id='word_1_341' title='bbox 1664 4080 1788 4157; x_wconf 85' lang='lat' dir='ltr'><strong>partam</strong></span> 
     </span>
     <span class='ocr_line' id='line_1_36' title="bbox 372 4178 1787 4261; baseline 0 -19"><span class='ocrx_word' id='word_1_342' title='bbox 372 4179 474 4260; x_wconf 93' lang='lat' dir='ltr'><strong>priori</strong></span> <span class='ocrx_word' id='word_1_343' title='bbox 497 4194 570 4242; x_wconf 88' lang='lat' dir='ltr'><strong>eum</strong></span> <span class='ocrx_word' id='word_1_344' title='bbox 594 4180 627 4242; x_wconf 88' lang='lat' dir='ltr'><strong>in</strong></span> <span class='ocrx_word' id='word_1_345' title='bbox 651 4180 752 4243; x_wconf 82' lang='lat' dir='ltr'><strong>finem</strong></span> <span class='ocrx_word' id='word_1_346' title='bbox 775 4179 893 4244; x_wconf 82' lang='lat' dir='ltr'><strong>addam</strong></span> <span class='ocrx_word' id='word_1_347' title='bbox 919 4183 954 4242; x_wconf 90' lang='lat' dir='ltr'><strong>ut</strong></span> <span class='ocrx_word' id='word_1_348' title='bbox 979 4180 1073 4260; x_wconf 89' lang='lat' dir='ltr'><strong>prior</strong></span> <span class='ocrx_word' id='word_1_349' title='bbox 1099 4180 1257 4255; x_wconf 90' lang='lat' dir='ltr'><strong>lirmetur,</strong></span> <span class='ocrx_word' id='word_1_350' title='bbox 1284 4181 1476 4242; x_wconf 84' lang='lat' dir='ltr'><strong>excusatum</strong></span> <span class='ocrx_word' id='word_1_351' title='bbox 1503 4195 1556 4242; x_wconf 86' lang='lat' dir='ltr'><strong>me</strong></span> <span class='ocrx_word' id='word_1_352' title='bbox 1582 4178 1654 4242; x_wconf 83' lang='lat' dir='ltr'><strong>lore</strong></span> <span class='ocrx_word' id='word_1_353' title='bbox 1678 4195 1787 4261; x_wconf 84' lang='lat' dir='ltr'><strong>spero,</strong></span> 
     </span>
     <span class='ocr_line' id='line_1_37' title="bbox 371 4279 1787 4363; baseline 0 -18"><span class='ocrx_word' id='word_1_354' title='bbox 371 4281 399 4345; x_wconf 88' lang='lat' dir='ltr'><strong>si</strong></span> <span class='ocrx_word' id='word_1_355' title='bbox 426 4281 590 4344; x_wconf 89' lang='lat' dir='ltr'><strong>nonnullis</strong></span> <span class='ocrx_word' id='word_1_356' title='bbox 616 4279 698 4345; x_wconf 88' lang='lat' dir='ltr'><strong>locis</strong></span> <span class='ocrx_word' id='word_1_357' title='bbox 723 4283 834 4346; x_wconf 88' lang='lat' dir='ltr'><strong>critica</strong></span> <span class='ocrx_word' id='word_1_358' title='bbox 858 4283 962 4363; x_wconf 79' lang='lat' dir='ltr'><strong>magis</strong></span> <span class='ocrx_word' id='word_1_359' title='bbox 989 4298 1086 4362; x_wconf 90' lang='lat' dir='ltr'><strong>quam</strong></span> <span class='ocrx_word' id='word_1_360' title='bbox 1114 4281 1269 4344; x_wconf 88' lang='lat' dir='ltr'><strong>historica</strong></span> <span class='ocrx_word' id='word_1_361' title='bbox 1294 4286 1486 4362; x_wconf 78' lang='lat' dir='ltr'><strong>argumenta</strong></span> <span class='ocrx_word' id='word_1_362' title='bbox 1504 4282 1787 4346; x_wconf 80' lang='lat' dir='ltr'><strong>tractarevideor.</strong></span> 
     </span>
     <span class='ocr_line' id='line_1_38' title="bbox 371 4383 1448 4466; baseline 0.001 -18"><span class='ocrx_word' id='word_1_363' title='bbox 371 4383 428 4448; x_wconf 89' lang='lat' dir='ltr'><strong>llis</strong></span> <span class='ocrx_word' id='word_1_364' title='bbox 455 4383 665 4465; x_wconf 88' lang='lat' dir='ltr'><strong>praemonitis</strong></span> <span class='ocrx_word' id='word_1_365' title='bbox 690 4384 731 4448; x_wconf 86' lang='lat' dir='ltr'><strong>ad</strong></span> <span class='ocrx_word' id='word_1_366' title='bbox 757 4386 933 4451; x_wconf 88' lang='lat' dir='ltr'><strong>secundam</strong></span> <span class='ocrx_word' id='word_1_367' title='bbox 957 4385 1072 4466; x_wconf 87' lang='lat' dir='ltr'><strong>capitis</strong></span> <span class='ocrx_word' id='word_1_368' title='bbox 1094 4388 1220 4466; x_wconf 88' lang='lat' dir='ltr'><strong>partem</strong></span> <span class='ocrx_word' id='word_1_369' title='bbox 1242 4383 1311 4464; x_wconf 80' lang='lat' dir='ltr'><strong>jam</strong></span> <span class='ocrx_word' id='word_1_370' title='bbox 1335 4400 1448 4466; x_wconf 82' lang='lat' dir='ltr'><strong>pergo.</strong></span> 
     </span>
    </p>
   </div>
   <div class='ocr_carea' id='block_1_5' title="bbox 853 4606 1289 4616">
    <p class='ocr_par' dir='ltr' id='par_1_6' title="bbox 853 4606 1289 4616">
     <span class='ocr_line' id='line_1_39' title="bbox 853 4606 1289 4616; baseline -0.002 0"><span class='ocrx_word' id='word_1_371' title='bbox 853 4606 1289 4616; x_wconf 46' lang='lat' dir='ltr'><strong>Mem-..mm</strong></span> 
     </span>
    </p>
   </div>
   <div class='ocr_carea' id='block_1_6' title="bbox 0 0 2180 5586">
    <p class='ocr_par' dir='ltr' id='par_1_7' title="bbox 0 0 2180 5586">
     <span class='ocr_line' id='line_1_40' title="bbox 0 0 2180 5586; baseline 0 2"><span class='ocrx_word' id='word_1_372' title='bbox 0 0 2180 5586; x_wconf 95' lang='lat' dir='ltr'><strong> </strong></span> 
     </span>
    </p>
   </div>
  </div>
 </body>
</html>
