4350 5586
1053 470 1095 532 tl

373 670 451 717 nere
475 652 558 715 bene
586 646 794 730 iungentibus
818 647 1047 729 impertiendo,
1073 646 1132 713 sed
1153 647 1194 712 de
1222 647 1348 731 majore
1368 649 1514 728 bonore,
1541 666 1607 732 quo
1627 649 1792 716 alliciendi

372 753 646 921 smtefflcr?1in
677 851 830 917 omnibus
863 852 935 917 aliis
965 851 1268 917 Sobleiermaobero
1299 853 1478 917 assentiens
1511 836 1653 945 διπλῆν
1677 841 1792 942 repent

345 934 415 1024 'de
446 959 610 1041 stipendio
643 956 909 1038 presbyterorum
943 954 1092 1036 intelligit
1125 961 1158 1021 et
1189 956 1330 1021 similem
1356 954 1534 1021 dictionem
1559 957 1731 1038 legemque
1756 954 1791 1019 in

374 1062 509 1129 Constit
536 1064 641 1144 apost
667 1058 714 1135 ll,
750 1049 799 1124 28
826 1063 858 1123 et
882 1056 944 1135 lll,
972 1050 1021 1124 20
1047 1059 1181 1124 obviam
1208 1059 1250 1124 ud
1276 1058 1536 1125 confirmandam
1568 1077 1664 1126 suam
1689 1060 1792 1125 inter·

373 1166 591 1248 pretationem
616 1159 728 1236 allert;
769 1161 835 1226 alia
861 1179 945 1243 quae
973 1161 1012 1225 de
1038 1161 1235 1244 presbyteris
1261 1161 1407 1227 maxime
1440 1180 1482 1226 ex
1516 1163 1577 1227 Tit.
1612 1163 1636 1239 l,
1672 1156 1696 1228 6
1730 1178 1792 1244 pe·

372 1270 431 1334 tita
457 1267 540 1333 dixit
573 1270 605 1330 et
637 1269 752 1329 contra
786 1265 872 1329 banc
905 1264 1076 1346 epistolem
1110 1266 1245 1347 protulit
1272 1266 1342 1348 iam
1374 1266 1526 1330 enarravi
1562 1270 1595 1331 et
1624 1270 1660 1331 ut
1692 1281 1792 1347 spero

374 1372 570 1536 refutaVlline
605 1470 718 1553 priora
750 1471 962 1550 argumenta,
1002 1469 1120 1551 i⁰⁵b¹¹⁸
1151 1466 1434 1535 S⁰h¹⁰⁵⁰¹m³⁰h⁰r
1467 1471 1601 1535 serioris
1636 1469 1793 1551 temporis

373 1574 467 1655 sigua
492 1576 599 1639 inesse
620 1573 795 1638 arbitratus
821 1575 887 1648 est,
908 1569 995 1635 baud
1021 1572 1067 1637 ita
1092 1573 1203 1652 magni
1225 1572 1355 1651 luciam,
1379 1573 1438 1638 sed
1460 1572 1555 1638 lacile
1581 1572 1651 1637 lieri
1678 1573 1793 1655 potuit,

375 1683 411 1741 ut
436 1678 553 1760 aliquis
576 1677 632 1759 qui
658 1693 693 1740 ee
719 1675 854 1755 dignum
878 1690 1014 1739 munere
1039 1675 1186 1757 episcopi
1212 1676 1413 1740 existimaret
1438 1680 1470 1739 et
1495 1674 1537 1741 ad
1563 1675 1648 1740 bene
1674 1676 1707 1740 id
1731 1673 1793 1741 ad·

373 1779 625 1846 ministrandum
658 1784 771 1861 aptum
807 1776 947 1842 sortasse
972 1777 1058 1842 bene
1084 1777 1248 1860 regendae
1274 1783 1306 1842 et
1336 1779 1399 1842 bac
1430 1795 1467 1842 re
1493 1778 1663 1858 augendae
1685 1779 1793 1843 eccle·

374 1884 444 1948 siae
467 1883 622 1950 laudabili
648 1882 758 1947 studio
784 1880 946 1958 incensus,
983 1897 1121 1946 munere
1142 1880 1200 1945 illo
1222 1882 1320 1963 potiri
1344 1880 1507 1958 studeret,
1533 1887 1566 1945 et
1588 1882 1792 1963 largiendum

375 2002 447 2051 esse
480 1985 708 2053 defensoribus
743 1984 767 2048 l.
800 1984 882 2048 Tim.
907 2000 1045 2062 censeo,
1077 1984 1181 2049 verbo
1214 1975 1390 2079 νεόφυτος
1417 1983 1581 2049 diversam
1613 1984 1793 2050 seorrndum

376 2088 505 2156 diversa
536 2095 705 2172 tempora,
736 2086 792 2151 ubi
827 2086 1008 2151 adhibitum
1044 2091 1113 2165 est,
1141 2087 1310 2151 notionem
1346 2087 1453 2151 inesse
1487 2105 1595 2169 eoque
1618 2089 1794 2168 significari

375 2210 473 2274 posse
496 2193 594 2258 etiam
616 2192 804 2271 bominem,
831 2189 886 2271 qrri
913 2189 1154 2271 quamvisjam
1181 2189 1382 2271 aliquamdiu
1407 2190 1585 2255 eccclesiae
1611 2190 1794 2275 adscriptus

374 2301 485 2360 tamen
514 2295 661 2360 nondum
689 2293 786 2376 plane
820 2292 937 2357 notitia
969 2293 1145 2372 religiones
1178 2293 1375 2359 christianae
1408 2293 1552 2358 imbutus
1586 2300 1690 2371 esset,
1729 2297 1795 2359 boc

375 2400 473 2480 igitur
508 2402 685 2479 praecepto
717 2396 751 2460 id
778 2395 922 2460 voluisse
948 2396 1157 2479 apostolum,
1200 2401 1235 2460 ut
1261 2401 1386 2462 tantum
1411 2396 1627 2478 peritissimus
1653 2397 1792 2480 quisque

375 2502 542 2583 religionis
569 2499 775 2575 christianae,
802 2502 960 2580 quantum
986 2500 1078 2564 brevi
1097 2503 1245 2580 tempore
1268 2500 1341 2564 lieri
1362 2505 1484 2581 posset,
1509 2500 1638 2565 muneri
1655 2501 1794 2583 presby-

375 2605 436 2668 teri
471 2605 712 2685 praeficeretur.
773 2599 911 2683 Maioris
937 2607 1051 2667 eontra
1073 2603 1232 2667 momenti
1257 2608 1350 2680 sunt,
1383 2620 1468 2684 quae
1494 2604 1590 2669 tertio
1616 2608 1649 2667 et
1674 2609 1791 2686 quarto

376 2707 453 2770 loco
478 2708 585 2772 attulit
611 2711 643 2770 et
667 2702 914 2769 concedendum
936 2705 989 2769 bic
1014 2721 1085 2770 esse
1112 2705 1271 2782 arbitror,
1306 2707 1341 2770 in
1374 2705 1413 2770 iis
1436 2705 1575 2784 officiis,
1608 2723 1693 2787 quae
1727 2708 1792 2772 illis

375 2811 559 2892 praeceptis
583 2809 794 2892 iniungantur
819 2808 983 2891 episcopis
1008 2809 1117 2872 inesse
1142 2808 1288 2890 aliquid,
1318 2808 1406 2890 quod
1431 2809 1473 2874 ab
1500 2825 1585 2874 aevo
1609 2811 1791 2890 apostolico

377 2912 564 2977 abhorreat
615 2911 698 2978 Nam
724 2912 750 2975 si
778 2911 1009 2989 concedimus,
1045 2910 1134 2993 quod
1157 2930 1212 2976 me
1238 2910 1371 2993 quidem
1391 2911 1507 2994 judice
1524 2911 1707 2977 concedere
1731 2930 1791 2978 ne·

376 3032 467 3081 cesse
490 3021 550 3091 est,
571 3014 730 3078 dictiones
757 3004 833 3087 ἑνὸς
857 2996 984 3110 deripis
1009 3004 1104 3101 γυνὴ
1130 3020 1162 3079 et
1187 3012 1275 3103 ptris
1295 3003 1472 3101 γυναικός
1495 3002 1589 3110 α’νῆρ
1614 3033 1715 3097 supra
1740 3018 1793 3082 al·

377 3120 459 3184 latas
475 3119 518 3183 ad
540 3134 642 3183 uuam
667 3115 872 3199 eandemque
898 3135 969 3182 rem
994 3122 1153 3199 spectare,
1179 3123 1277 3199 atque
1300 3118 1329 3180 si
1353 3133 1456 3200 porro
1472 3119 1694 3198 concedimus,
1719 3120 1793 3186 illas

377 3222 419 3287 ad
445 3222 642 3287 adulterium
672 3226 704 3286 et
728 3222 962 3287 scortationem
986 3220 1102 3285 reterri
1127 3236 1195 3284 non
1222 3236 1339 3302 posse,
1376 3236 1477 3301 quum
1507 3220 1628 3287 Paulus
1662 3228 1695 3288 et
1723 3225 1792 3290 tota

377 3325 538 3407 scriptura
570 3340 664 3389 sacra
697 3322 740 3388 ad
768 3323 828 3388 bas
853 3341 906 3388 res
932 3329 1043 3406 turpes
1071 3322 1233 3388 notandas
1264 3339 1395 3405 semper
1430 3324 1529 3390 verba
1561 3326 1736 3406 perspicua
1761 3333 1794 3390 et

378 3429 467 3493 clara
490 3419 642 3516 μοιχεία
666 3431 698 3491 et
722 3418 872 3521 πορνεία
894 3426 1049 3492 adbibeat
1068 3443 1177 3508 neque
1203 3426 1299 3492 mutis
1318 3426 1511 3507 ambagibus
1530 3445 1601 3493 rem
1619 3428 1712 3508 quasi
1729 3428 1792 3492 ob-

378 3531 485 3606 ducat,
509 3531 580 3595 sine
602 3529 705 3594 dubio
730 3547 774 3593 ex
794 3529 816 3593 l.
844 3529 864 3593 Ι.
890 3529 1047 3608 efficitur,
1073 3528 1353 3610 deuterogamiam
1379 3531 1501 3607 velari,
1535 3548 1633 3612 quam
1660 3530 1793 3612 quidem

379 3636 505 3699 seriore
530 3635 680 3715 tempore
705 3622 911 3698 interdictam
936 3633 1140 3709 invenimus,
1167 3633 1261 3715 quasi
1283 3632 1421 3713 madum
1447 3651 1469 3697 a
1494 3650 1561 3714 quo
1585 3631 1628 3698 ad
1648 3634 1793 3699 caeliba-

377 3744 447 3802 tum
478 3753 652 3818 progressa
687 3739 736 3800 est
771 3736 927 3815 ecclesia,
964 3734 1023 3801 sed
1056 3736 1146 3802 nullo
1180 3737 1256 3801 loco
1280 3733 1318 3799 N.
1341 3734 1377 3799 T.
1430 3733 1671 3801 Contradicitur
1697 3737 1795 3817 igitur

377 3842 443 3904 boc
467 3843 648 3922 praecepto¹
669 3838 820 3916 libertati,
843 3855 908 3921 qua
932 3840 1142 3920 magistratus
1166 3837 1377 3904 ecclesiastici
1403 3838 1585 3920 apostolico
1606 3856 1690 3904 aevo
1704 3840 1794 3905 irue-

378 3943 507 4007 bantur.
559 3943 669 4019 Ritus,
696 3942 753 4022 qui
778 3941 830 4019 lv,
859 3935 905 4007 14
929 3947 1141 4020 memoratur,
1167 3959 1234 4023 quo
1261 3941 1358 4007 etiam
1381 3942 1561 4021 presbyteri
1588 3958 1705 4006 manns
1730 3944 1794 4009 im-

379 4047 566 4128 posuerint,
599 4062 660 4127 per
693 4062 729 4109 se
760 4044 891 4125 quidem
916 4044 1012 4111 lacile
1037 4045 1184 4110 adbiberi
1211 4045 1334 4127 potuit,
1359 4044 1417 4107 sed
1440 4060 1539 4125 quum
1566 4043 1658 4109 Pauli
1684 4047 1794 4113 verbis

365 4148 418 4214 ll.
442 4148 524 4214 Tim.
545 4148 577 4224 l,
603 4142 627 4214 6
653 4145 845 4213 adversetur
874 4151 906 4211 et
936 4149 1000 4213 bac
1027 4167 1064 4214 re
1091 4147 1382 4214 contradictionem
1407 4163 1475 4209 non
1502 4148 1723 4225 amovendam,
1742 4151 1795 4215 in·

379 4255 430 4317 ter
454 4252 477 4319 l.
501 4255 533 4316 et
558 4249 596 4314 ll.
623 4251 705 4315 Tim.
731 4255 854 4335 ponat,
879 4254 993 4332 negari
1019 4268 1087 4316 uon
1109 4255 1234 4334 potest,
1256 4265 1333 4314 eum
1357 4266 1511 4330 magnam
1538 4268 1672 4317 causam
1699 4252 1795 4317 dubi-

379 4354 512 4420 tationis
533 4353 703 4434 praebere.
754 4352 856 4418 Simul
879 4357 989 4420 tamen
1015 4355 1079 4420 bac
1109 4353 1316 4436 expositione
1348 4353 1527 4430 sententia,
1562 4372 1662 4437 quam
1694 4373 1795 4438 sopra
1832 4430 1834 4435 .

380 4462 496 4522 contra
517 4455 675 4522 Baurium
701 4457 770 4534 tuli,
807 4458 1038 4535 confirmatur,
1069 4458 1119 4523 bis
1145 4456 1280 4522 serioris
1303 4457 1460 4538 temporis
1486 4457 1587 4538 signis
1612 4460 1743 4524 nonnisi
1770 4458 1794 4522 l.

345 4597 347 4601 -
380 4561 463 4626 Tim.
486 4559 520 4623 iu
547 4560 768 4641 suspicionem
789 4562 912 4626 vocari.
964 4565 1005 4625 At
1021 4560 1055 4625 in
1072 4560 1292 4642 explicatione
1310 4559 1372 4624 loci
1388 4560 1425 4638 V,
1442 4553 1486 4626 17
1502 4566 1617 4628 contra
1632 4561 1794 4627 Sobleier-

380 4664 571 4731 maoberum
596 4661 718 4729 Baurio
748 4662 930 4747 adstipulor
955 4670 985 4728 el
1012 4664 1057 4729 ibi
1084 4663 1124 4730 de
1150 4664 1277 4748 majore
1300 4660 1395 4729 bonis
1418 4663 1616 4746 presbyteris
1639 4660 1794 4730 donando
